3234 4950
450 410 695 465 statuerimus
714 442 750 451 -
767 408 957 462 Mtuourvs
978 408 1177 461 ASTYANAX
1319 406 1380 469 147

234 578 378 659 meminit,
401 584 432 639 et
454 578 574 657 quidem
592 578 733 659 grauiter,
753 596 821 637 cum
839 576 925 636 illum
943 596 1093 637 summum
1112 578 1211 635 uirum
1232 583 1259 635 et
1278 592 1381 635 neces·

233 680 342 737 sarium
369 680 411 737 rei
436 676 570 755 publicae
594 676 704 737 adserit
730 684 758 737 et
786 674 865 755 apud
890 678 991 755 ipsum
1012 674 1144 737 Marcum
1170 674 1381 753 praeualidum.

589 998 738 1073 vluna
761 998 1017 1073 AVCTORVM

268 1124 301 1195 Α
329 1124 594 1197 renuentia
626 1124 686 1197 uu
710 1124 956 1199 nuerlsdo
986 1122 1347 1199 Nourunuottvu

659 1286 948 1359 studuerint

323 1440 351 1505 l.
377 1448 459 1507 Traia
471 1448 545 1507 Pell.
561 1448 621 1509 Vol.
632 1446 692 1523 8,]
711 1448 919 1507 Valerianus
939 1448 1061 1507 iunior
1075 1482 1117 1491 -
1131 1466 1146 1505 a
1161 1454 1246 1527 patre
1259 1446 1380 1505 absente

232 1544 339 1605 tsslaesar
364 1552 407 1605 est
433 1544 602 1625 appellatus,
628 1564 642 1603 a
668 1544 766 1625 tratre,
791 1555 824 1607 nt
847 1546 1031 1607 Caelestinus
1058 1545 1136 1625 dicit,
1159 1547 1318 1623 Augustus,

596 1742 713 1815 IVLII
744 1742 1018 1815 transilui

206 1924 215 1961 s
325 1896 354 1965 l.
384 1904 467 1963 Tred.
489 1904 563 1963 Poll.
586 1908 654 1979 trip.
682 1912 739 1979 tyr.
760 1906 829 1979 6‚5
863 1904 940 1965 Satis
968 1904 1119 1965 credImus
1145 1903 1201 1963 luli
1229 1902 1382 1961 Atheriani

230 2008 344 2079 partem
369 2000 439 2061 libri
461 2000 615 2063 culusdam
638 2020 758 2081 putrere,
775 2006 808 2063 in
827 2022 886 2081 quo
905 2004 943 2064 de
963 2004 1150 2063 Victorino
1176 2002 1217 2060 sic
1239 2000 1380 2079 loquitur:

231 2096 405 2179 ‘Victorinm
437 2102 486 2177 qui
515 2098 624 2159 Gallias
654 2110 720 2179 post
749 2102 856 2161 lulium
883 2102 1077 2161 Posthumum
1110 2102 1199 2177 rexit,
1231 2102 1381 2159 neminem

231 2200 353 2257 aestimo
384 2192 621 2279 praeterendum,
648 2218 707 2259 non
734 2200 765 2259 iu
789 2202 900 2261 uirtute
926 2200 1093 2277 Traianum,
1118 2216 1178 2258 non
1199 2198 1380 2257 Antoninum

229 2298 262 2357 in
285 2296 450 2375 elementia,
473 2316 531 2357 nou
552 2300 584 2357 a'n
604 2298 748 2377 grauitate
767 2296 905 2377 Neruam,
928 2318 988 2359 non
1006 2300 1037 2357 in
1058 2296 1248 2375 gubernando
1265 2300 1381 2357 aerario

192 2416 216 2455 ιο
230 2396 456 2476 Vespasianum,
484 2414 542 2480 non
572 2396 602 2455 tn
632 2414 757 2457 censura
783 2397 877 2457 totius
902 2398 982 2457 uitae
1010 2414 1044 2455 ac
1073 2396 1231 2457 seueritate
1259 2395 1381 2454 militari

229 2493 416 2556 Pertinacem
450 2493 498 2554 uel
523 2481 684 2556 Seuerum.
731 2495 783 2558 sed
818 2499 914 2556 omnia
946 2496 1020 2556 haec
1052 2493 1142 2556 libido
1176 2501 1204 2554 et
1235 2493 1381 2574 cupiditas

229 2593 418 2654 mulierarIae
446 2593 606 2672 uoluptatis
636 2595 678 2654 sic
705 2593 844 2673 perdidit,
868 2603 901 2654 ut
924 2613 1012 2656 nemo
1035 2593 1141 2654 audeat
1163 2595 1292 2654 uirtutes
1316 2594 1381 2654 eius

229 2693 261 2750 in
284 2691 398 2752 litteras
421 2693 548 2772 mittere,
570 2711 656 2772 quem
677 2701 791 2754 constat
812 2695 944 2754 omnium
961 2693 1072 2754 iudicio
1089 2693 1238 2752 meruisse
1257 2687 1379 2770 puniri.'

521 2889 726 2962 MAEONII
756 2889 1085 2964 nernNnduls

321 3047 350 3114 1.
380 3051 464 3112 nea.
484 3051 558 3112 eoru
579 3055 648 3126 aa.
668 3059 726 3128 tyr.
749 3051 798 3132 12,
820 3052 838 3110 r
873 3051 962 3132 capa
981 3051 1135 3112 aaronem
1153 3085 1199 3094 -
1216 3069 1284 3112 eum
1315 3049 1380 3110 aar·
1397 3027 1468 3104 iffi.

192 3171 215 3210 rs
230 3149 342 3210 lienum
366 3149 614 3210 contemnendum
639 3149 788 3210 Ballista
813 3151 980 3228 praelectus
1005 3151 1151 3210 Valeriani
1175 3159 1204 3210 et
1231 3149 1380 3210 Macria-

230 3267 294 3308 nus
329 3249 443 3328 primus
475 3247 584 3308 ducum
616 3249 837 3327 intellegerent,
871 3249 1081 3328 quaerentibus
1115 3249 1202 3309 etiam
1234 3247 1380 3309 militibus

321 3437 347 3492 1.
370 3437 409 3504 Os.
433 3437 505 3492 Gcrll.
526 3441 600 3504 14,9
635 3439 669 3492 ut
698 3439 814 3506 quidem
840 3437 967 3509 Cecropii
996 3439 1194 3492 Dalmatarum
1220 3439 1300 3492 ducis
1328 3441 1381 3494 telo

230 3509 375 3562 Gallienus
392 3507 495 3562 dialtur
515 3525 574 3564 esse
593 3527 748 3578 percussus,
769 3513 799 3564 ut
820 3513 937 3578 quidam
953 3510 1056 3576 ferunt,
1076 3511 1149 3564 circa
1166 3511 1381 3576 Mediolanium,

229 3581 279 3634 ubi
308 3581 440 3636 continuo
469 3585 498 3636 et
526 3581 613 3636 frater
638 3581 697 3636 eius
716 3581 884 3636 Valeriatuus
906 3585 952 3636 est
971 3581 1164 3650 interemptus,
1191 3601 1272 3650 quern
1296 3583 1380 3636 multi

229 3655 396 3722 Augustum,
414 3651 498 3708 metti
514 3653 668 3724 Gaesarem,
689 3653 770 3708 multi
788 3657 919 3708 neutrum
939 3653 1026 3708 fuisse
1040 3653 1147 3708 dicunt.
1175 3657 1252 3721 quod
1265 3655 1381 3721 quidem

229 3725 383 3778 uerisimile
401 3741 457 3778 nou
476 3727 528 3792 est,
546 3725 573 3780 si
587 3725 702 3794 quidem
719 3729 802 3794 capto
823 3725 882 3780 iem
899 3725 1051 3780 Valeriano
1071 3726 1207 3794 scriptum
1218 3725 1380 3792 inponimus

229 3795 371 3852 infestis:
395 3795 554 3852 ‘Valeriano
575 3797 741 3866 imperatore
763 3797 897 3852 eonsule'.
926 3797 988 3864 quis
1009 3797 1095 3866 igitur
1115 3797 1189 3852 alius
1205 3798 1300 3866 potuit
1319 3813 1380 3852 esse

228 3867 405 3936 Valerianus,
429 3867 483 3920 nisi
511 3867 633 3922 Gallieni
656 3869 760 3922 frater?
788 3873 901 3924 constat
923 3871 958 3922 de
980 3885 1090 3940 genere,
1116 3885 1172 3924 non
1197 3871 1265 3922 satis
1283 3873 1380 3924 tamen

230 3943 341 3994 tuirstat
359 3941 395 3994 de
414 3939 553 4008 dignitate
575 3941 628 4008 ael,
648 3945 678 3994 ut
699 3944 850 4010 coeperunt
869 3941 919 3994 elii
939 3939 1024 4008 loqui,
1044 3943 1081 3996 de
1097 3941 1256 3995 maiestate.

322 4011 348 4066 1.
368 4013 411 4068 Dc
431 4013 473 4066 M.
489 4013 630 4068 Ptcnocto
650 4015 786 4068 Victorino
807 4013 865 4068 atat.
882 4015 997 4080 Prosop.
1012 4015 1069 4067 ΙΙΙ
1080 4029 1107 4080 p.
1124 4017 1160 4066 38
1179 4032 1207 4068 a.
1221 4017 1283 4068 302.

320 4085 347 4138 1.
367 4085 411 4138 Dc
430 4085 552 4140 Ballista
572 4087 629 4138 uid.
646 4085 759 4154 Prosop.
774 4087 791 4138 Ι
805 4102 836 4156 p.
849 4089 907 4140 227
924 4103 954 4140 a.
968 4089 1015 4152 36,
1032 4087 1067 4140 dc
1085 4087 1129 4140 M.
1145 4085 1252 4140 Fuluio
1272 4087 1378 4138 Macra*-

229 4173 284 4210 uno
302 4157 381 4224 Hp.
398 4161 433 4210 95
453 4173 478 4208 n.
495 4161 556 4210 374.

320 4333 352 4420 l,
378 4345 405 4400 9.
428 4345 461 4402 in
482 4359 538 4402 ont
555 4345 584 4402 P
669 4345 789 4404 narbam
812 4347 840 4403 P
929 4348 977 4404 10.
1003 4347 1183 4422 uespasiano
1202 4345 1306 4404 Poe.

320 4425 350 4510 l,
378 4435 425 4494 lt.
452 4433 558 4492 dueum
578 4433 667 4492 Stulta.
694 4435 762 4492 dnm
782 4437 811 4492 P

1165 4532 1216 4585 10*
