3234 4950
266 337 387 382 Lxxxx
518 315 566 368 DE
586 316 816 368 scalpros-un
837 315 929 368 Viris
949 317 994 368 ET
1015 313 1173 370 SCRIPTIS

264 503 310 562 ap.
327 483 399 562 App.
421 485 479 542 III
494 485 549 564 743
570 485 652 543 iuter
671 485 829 544 Antonium
856 493 882 542 et
907 483 1048 542 Plancum
1070 499 1174 560 pacem
1198 483 1348 558 componit
1371 499 1416 560 ap.
1496 555 1498 570 ι

263 582 335 660 App.
353 583 410 640 III
425 581 481 662 973
503 581 536 638 L.
551 579 689 650 Quintius
715 583 779 640 eins
803 599 888 640 socer
909 581 1106 660 proscribitur
1124 587 1155 638 et
1174 579 1352 638 interficitur
1371 597 1415 656 ap.
1496 571 1498 620 ἶ

262 680 334 758 App.
356 681 409 739 Il'
422 679 483 750 125
500 679 557 758 273
586 679 622 738 ab
641 677 803 740 Octauiano
826 677 864 736 ad
883 677 1091 738 debellandum
1110 677 1137 736 S.
1156 677 1328 756 Pompeium
1349 677 1415 734 mit·

263 780 335 838 titur
368 775 445 854 apud
474 777 547 855 App.
565 779 618 836 [Γ
635 777 692 857 sc,
725 776 803 836 hello
831 775 976 836 Perusino
1004 775 1117 836 dubitat
1147 793 1189 854 ap.
1211 777 1282 854 App.
1308 777 1337 832 l*
1356 775 1416 846 20,-

262 877 378 950 3sqq.,·
395 877 456 946 5d;
480 893 534 952 pro
554 876 680 936 Antonio
699 873 804 933 loedus
822 873 1036 934 Brundisinum
1055 875 1152 950 iungit
1171 893 1216 952 ap.
1231 875 1300 950 App.
1325 875 1414 932 l'dd.

260 973 430 1052 Eammque
458 989 560 1032 rerum
588 981 703 1052 partem
733 973 898 1032 enaritate
927 991 986 1032 non
1014 971 1175 1032 abhorrere
1200 991 1234 1032 ex
1260 971 1413 1030 Ciceronis

260 1073 455 1148 epistularum
480 1071 619 1132 thesauro
648 1073 806 1147 sumimus,
830 1070 910 1130 unde
938 1073 1027 1130 etiam
1053 1077 1222 1130 ceterarum
1245 1069 1318 1130 fides
1345 1087 1412 1128 con·
1495 1091 1497 1124 2

260 1171 403 1230 firmatur.
437 1177 540 1228 eontra
559 1169 636 1248 quod
659 1169 693 1228 de
715 1169 829 1226 damnis
850 1169 942 1228 Asinii
962 1167 1054 1228 uerba
1072 1187 1131 1226 non
1153 1169 1295 1246 lecemnt,
1315 1167 1412 1226 eidem

259 1266 361 1328 Asinio
384 1269 504 1328 crimini
529 1267 673 1345 dabimus
702 1267 792 1326 utin
814 1265 891 1326 bello
917 1267 1105 1346 Hispaniensi
1132 1283 1200 1326 curn
1226 1265 1251 1326 S.
1273 1265 1412 1344 Pompeio

259 1374 357 1444 gesto,
385 1366 422 1424 de
449 1385 508 1443 quo
537 1373 616 1424 tacet
641 1366 793 1444 Appianus
816 1367 934 1440 Jr'sr,
959 1365 1116 1424 infeliciter
1140 1383 1204 1424 rem
1233 1365 1260 1424 ei
1286 1365 1411 1424 cessisse
1495 1441 1497 1450 J

259 1467 378 1542 copiose
401 1463 454 1522 liio
480 1465 532 1538 45,
549 1465 591 1522 Ῑθ
615 1465 754 1524 narrauit.
762 1457 789 1546 1)

347 1561 458 1622 Deinde
488 1563 539 1640 qui
562 1581 578 1622 a
603 1581 633 1622 se
659 1561 827 1640 Caesarem,
858 1559 934 1640 quod
960 1565 990 1620 in
1014 1569 1096 1620 tanta
1123 1559 1240 1620 lbruuna
1265 1579 1296 1620 se
1322 1559 1409 1620 modo

257 1661 408 1738 cognitum
440 1661 714 1719 uetustissimormn
746 1657 936 1718 familiarium
972 1659 1035 1718 loco
1066 1659 1232 1736 habuisset,
1270 1657 1410 1718 dilectum
1494 1651 1496 1696 j

257 1777 323 1818 esse
348 1776 461 1818 summa
488 1777 554 1816 eum
572 1761 682 1836 pietate
707 1766 738 1817 et
758 1757 826 1834 fide,
848 1765 914 1836 post
932 1757 1066 1816 Caesaris
1087 1765 1212 1816 mortem
1237 1775 1261 1814 a.
1281 1751 1408 1836 lariti
1494 1761 1495 1764 ’

255 1859 320 1934 ipse
340 1857 376 1916 ad
395 1857 569 1916 Ciceronem
590 1859 710 1934 scripsit
727 1859 786 1932 (ep.
800 1857 835 1916 Χ
852 1857 903 1930 31,
919 1859 938 1916 3
952 1859 1019 1932 sep),
1040 1863 1071 1914 ut
1092 1853 1231 1914 aVelleio
1245 1857 1299 1926 (Ii
1310 1857 1361 1930 63,
1373 1855 1408 1928 3)
1494 1899 1496 1920 Ξ

257 1950 373 2016 ‘tirmus
395 1956 550 2032 proposito
572 1964 603 2014 et
624 1955 745 2014 lulianis
768 1953 905 2032 partibus
928 1955 1014 2032 fidus
1040 1955 1228 2030 Pompeianis
1252 1949 1409 2024 aduersus'
1494 1957 1495 1966 ³

257 2053 420 2132 diceretur,
449 2055 501 2130 qui
529 2053 610 2112 idern
636 2062 742 2112 natura
770 2071 802 2112 sc
832 2071 883 2112 sua
915 2059 941 2112 et
972 2051 1076 2112 studiis
1106 2051 1182 2110 trahi
1213 2051 1247 2112 ad
1274 2053 1355 2130 pacis
1380 2059 1409 2110 et
1494 2059 1495 2062 ’

254 2149 400 2212 libertatis
422 2150 622 2228 cupiditatem,
641 2159 676 2211 ut
693 2159 724 2210 et
741 2153 862 2210 initium
880 2149 953 2210 illud
975 2151 1070 2210 ciuilis
1092 2147 1162 2208 belli
1180 2169 1268 2228 saepe
1285 2147 1408 2210 defleret

254 2258 343 2329 atque
363 2269 393 2310 se
415 2258 444 2310 et
463 2269 526 2310 rem
545 2269 571 2328 p.
587 2249 742 2310 uindicare
761 2251 794 2308 in
812 2249 980 2310 libertatem
998 2255 1118 2326 paratus
1134 2255 1215 2308 esset
1230 2249 1246 2322 (
1246 2251 1265 2308 l.
1277 2267 1297 2306 s.
1308 2249 1330 2306 2
1337 2271 1348 2320 ,·
1362 2249 1407 2324 5),
1494 2245 1495 2308 ἶ

254 2367 354 2408 nonne
379 2348 460 2408 laune
490 2351 588 2426 ipsum
611 2349 746 2408 Asinium
773 2347 851 2426 apud
873 2349 1040 2426 Appianum
1062 2345 1174 2406 bellum
1199 2345 1287 2406 ciuile
1310 2365 1407 2424 usque
1493 2341 1495 2398 Ῐ

254 2447 291 2505 ad
313 2447 424 2507 bellum
447 2445 637 2525 Philippense
663 2454 851 2507 errarrantem
875 2447 977 2507 audire
1000 2447 1087 2505 nobis
1110 2439 1301 2529 ardennae
1337 2443 1405 2505 uide
1494 2437 1495 2491 Ῐ

252 2548 388 2624 maxime,
400 2546 451 2605 ubi
467 2548 565 2605 omma
579 2545 796 2625 complectitur,
810 2544 851 2603 ΙΙΙ
867 2542 899 2605 1:
917 2536 1011 2607 otte
1028 2538 1088 2625 μὲν
1103 2542 1142 2623 δὴ
1162 2542 1259 2615 Γάϊος
1276 2544 1405 2625 Καῖσαρ

252 2641 412 2703 πλείστου
437 2638 609 2723 Ῥωμαίοις
639 2641 730 2717 ἄξιος
761 2640 796 2715 ἐς
827 2640 888 2721 τὴν
921 2640 1101 2723 ἡγεμονίαν
1123 2640 1313 2723 penderent,
1338 2638 1405 2703 ὑπὸ

251 2750 319 2803 τῶν
338 2736 472 2823 ἐχθρῶν
490 2736 644 2823 ἀνῄρητο.
681 2742 718 2799 lv
737 2738 814 2801 134:
840 2740 1008 2821 δυνάστην
1027 2736 1089 2821 μὲν
1107 2728 1180 2801 olor
1201 2734 1261 2819 οὐχ
1281 2736 1404 2821 ἕτερον,

251 2838 502 2919 χρησιμώτατον
521 2832 558 2901 di
576 2838 662 2919 ὑπὲρ
683 2836 830 2911 ἅπαντας
851 2846 887 2921 τῇ
909 2860 939 2901 τε
960 2836 1094 2921 πατρίδι
1113 2836 1168 2899 καὶ
1186 2844 1225 2921 τῇ
1244 2834 1405 2919 ’ἡγεμονίᾳ
1492 2838 1494 2915 ξ

250 2931 475 3021 eastweard)
512 2938 689 2997 Plutarchus
719 2947 817 2997 autem
847 2938 925 3015 qnod
958 2936 1093 2997 Caesaris
1124 2938 1218 2997 uitam
1251 2934 1404 3015 explicans

248 3054 397 3115 propenso
427 3056 495 3095 eum
522 3036 620 3097 studio
649 3036 802 3113 amplexus
827 3044 879 3115 est,
905 3038 959 3095 hoe
984 3036 1083 3095 minus
1107 3036 1291 3113 mirabimur,
1314 3054 1404 3113 quam

249 3134 328 3213 quod
358 3154 390 3194 eo
420 3154 481 3195 non
507 3154 595 3195 omrte
621 3136 766 3195 iudicium
796 3152 883 3195 suum
913 3136 1063 3195 occaecari
1094 3150 1198 3213 passus
1227 3140 1285 3213 est,
1308 3142 1403 3193 utne

248 3232 370 3291 Asinius
397 3232 517 3311 quidem
543 3234 596 3308 (fr.
614 3234 665 3314 d)3
696 3234 840 3291 nimirum
869 3234 957 3293 etiam
986 3234 1016 3291 in
1045 3232 1167 3309 Pompei
1193 3234 1255 3291 uita
1285 3238 1404 3309 praeter
1491 3234 1494 3309 Ξ

339 3385 365 3446 1]
383 3378 509 3431 Velleius
530 3378 555 3429 H
572 3384 642 3447 73,2
665 3378 874 3431 ‘clarissimum'
895 3378 924 3431 id
943 3378 1049 3431 bellum
1063 3376 1163 3429 Asinio
1177 3376 1298 3429 Pollioni
1313 3376 1402 3429 fuisse
1491 3400 1492 3445 Ξ

246 3457 349 3524 tradit,
368 3456 472 3509 nimius
496 3457 556 3511 eius
578 3456 713 3513 laudator
734 3457 760 3510 li
781 3462 821 3525 63,
840 3462 868 3525 ὃς
888 3464 929 3525 ta,
945 3464 976 3523 23
995 3462 1039 3525 86,
1054 3462 1082 3523 33
1104 3462 1165 3525 128,
1179 3464 1203 3509 3.
1236 3458 1297 3525 ipse
1322 3456 1402 3509 laudi

247 3554 315 3591 suae
333 3538 430 3591 sanius
446 3536 609 3605 pepercisse
626 3540 747 3591 uidetur.

336 3621 366 3687 2)
384 3618 418 3669 ln
439 3618 515 3671 bello
542 3618 672 3687 Sertorii,
695 3618 775 3671 euius
800 3616 904 3671 Caesar
925 3618 1066 3687 particeps
1092 3634 1147 3669 non
1170 3618 1237 3687 fuit,
1268 3618 1401 3687 Pompeio

246 3698 370 3765 sauerat3
388 3698 446 3751 uid.
462 3697 490 3753 b,
505 3714 529 3751 c.
544 3698 556 3750 I
575 3704 627 3753 108
638 3716 698 3765 sqq.
1490 3696 1492 3707 ‘

336 3783 364 3849 3)
382 3778 483 3831 Studio
506 3796 556 3831 suo
580 3780 667 3833 etiam
688 3778 765 3831 ultra
790 3778 936 3833 Caesarem
962 3796 1024 3833 eum
1047 3778 1076 3831 iu
1104 3778 1225 3831 historia
1250 3780 1400 3831 formanda

245 3863 370 3914 tractum
387 3876 448 3913 esse
467 3858 544 3911 uidit
561 3859 703 3913 Schwartz
725 3876 767 3927 ap.
785 3858 967 3913 Paul-Wiss
983 3858 1007 3911 Π
1029 3876 1050 3913 e.
1065 3864 1124 3911 ⁶227.
1142 3890 1176 3899 -ω
1190 3858 1314 3913 Antonio
1335 3864 1401 3927 post

245 3940 352 3994 bellurn
370 3938 530 3993 Mutinense
554 3956 583 3993 se
608 3938 733 3993 diffisum
754 3956 814 3993 esse
835 3940 895 4007 ipse
915 3940 1031 3993 Asinius
1050 3940 1087 3991 ad
1107 3938 1267 3993 Ciceronem
1287 3940 1400 4009 scripsit

244 4023 298 4089 (ep.
313 4020 339 4071 X
359 4026 401 4087 34,
417 4026 433 4071 4
453 4021 609 4073 Antonium
621 4022 739 4089 turpiter
753 4021 884 4075 Methone
900 4022 1075 4077 obsessionem
1089 4020 1229 4089 recipisse
1242 4024 1288 4075 scd
1301 4020 1399 4075 habere
1488 4008 1491 4035 ³

244 4104 365 4169 epitetum
378 4104 499 4169 petreque
514 4102 595 4155 arsitio
614 4108 637 4155 et
656 4119 679 4169 q.
693 4105 737 4169 s),
749 4118 802 4155 nec
817 4100 949 4155 dissentit
965 4102 1119 4171 Appianas,
1135 4116 1198 4155 cum
1218 4102 1276 4153 iam
1295 4100 1399 4153 diuini·
1488 4162 1491 4185 ,

243 4185 373 4233 tuscum
392 4182 487 4233 mente
504 4185 619 4249 captum
641 4198 701 4234 esse
722 4180 787 4251 (ἤδη
804 4184 876 4235 θεοῦ
898 4182 1078 4253 βλάπτοντος)
1098 4184 1195 4235 narrat
1216 4184 1300 4249 atque
1320 4182 1398 4251 equi·
1488 4186 1490 4249 Ξ

244 4264 321 4315 tatus
341 4261 401 4315 eius
420 4260 549 4315 meminit
562 4264 627 4329 (ΙΙΙ
641 4266 686 4329 72,
706 4262 889 4317 Kornemoon
907 4280 932 4331 p,
945 4264 998 4317 aad
1011 4266 1089 4329 spu),
1104 4262 1136 4313 ut
1156 4262 1239 4315 facile
1259 4262 1396 4315 transitus
1488 4248 1491 4335 Ξ

244 4344 281 4395 ad
301 4340 451 4395 Octauiani
471 4358 584 4395 causam
607 4345 729 4411 peretur.
1488 4336 1490 4353 ‘
