3234 4950
607 321 807 376 CORNELIVS
829 321 946 376 NEPOS
1205 343 1353 388 xxxxiti

205 495 298 562 tenori
323 493 434 550 lumina
463 493 596 550 inserere
625 491 709 568 solet,
732 491 857 550 artificia
882 491 1067 550 antitheseon
1091 498 1120 550 et
1144 493 1174 550 in
1198 491 1299 550 uerbis
1325 499 1354 550 et

205 605 233 660 in
257 593 356 670 rebus,
379 589 581 670 pareclreseou
605 581 816 670 l‘rllliteration
826 583 855 673 ²),
880 607 1073 650 numerorum
1096 597 1126 648 et
1150 591 1182 648 in
1212 589 1352 648 clausulis

205 705 233 758 et
259 695 290 752 in
318 709 433 748 morum
465 687 713 764 descriptionibus
740 689 842 766 inepte
869 689 1038 768 frequentat
1063 696 1092 748 et
1114 689 1259 766 cumulat,
1284 707 1352 748 cum

205 795 268 856 aliis
291 789 362 848 loeis
388 787 592 864 neglegentiae
616 787 740 845 crimme
766 805 825 846 uon
847 787 943 864 possit
965 785 1099 865 liberari,
1123 787 1197 846 locis
1221 805 1352 845 commu-

204 891 290 954 nibus
317 887 472 964 uulgarem
500 893 530 944 et
553 883 740 944 cottidianam
772 887 947 962 sapientiam
970 891 1143 962 arroganter
1164 887 1304 964 proponit
1312 879 1351 967 1),

205 985 295 1072 quid?
329 985 407 1064 quod
436 1003 473 1042 ne
502 1003 603 1042 reruni
631 981 749 1062 quidem
775 985 896 1042 ueritati
917 985 1065 1061 pepercit,
1093 983 1189 1060 uelut,
1219 985 1351 1042 515511-

206 1087 294 1150 thesis
324 1085 386 1144 uim
411 1089 539 1160 augeret,
567 1099 634 1140 cum
659 1079 827 1140 Herodotus
850 1083 916 1151 (VI
931 1081 1011 1154 110)
1035 1081 1194 1160 conplures
1222 1081 1286 1140 dies
1317 1079 1352 1140 ad

204 1183 386 1248 Pentelicum
401 1181 596 1240 Athenienses
616 1185 713 1238 castra
734 1177 875 1238 habuisse
900 1186 1002 1238 auctor
1021 1182 1068 1258 sit,
1090 1183 1266 1258 priusquam
1284 1199 1351 1239 crim

205 1281 337 1345 hostibus
361 1279 566 1356 conffigereut,
592 1285 711 1354 postero
736 1275 782 1336 die
808 1284 875 1354 post
904 1285 1001 1336 castra
1025 1279 1121 1356 posita
1146 1277 1244 1358 Nepos
1267 1297 1351 1356 prae·

204 1384 274 1443 lium
298 1379 488 1438 commissum
510 1393 575 1434 esse
597 1375 738 1434 declamat
760 1369 801 1456 (1,
819 1377 848 1451 5,
862 1375 894 1453 3,
910 1377 1042 1436 Imitatus
1057 1376 1219 1436 Isocratem
1237 1376 1290 1435 IV
1299 1375 1351 1454 87,

205 1481 253 1560 551
283 1479 369 1538 etiam
401 1475 502 1536 eodem
533 1467 602 1558 die),
631 1471 761 1532 Xerxem
789 1477 848 1534 iter
874 1477 907 1534 iu
934 1472 1088 1534 Graeciam
1116 1493 1167 1534 ser
1199 1473 1351 1534 mensibus

206 1579 317 1652 1551555,
339 1573 467 1634 reditum
485 1573 607 1650 triginta
623 1571 726 1632 diebus
742 1565 786 1654 (2,
802 1573 833 1648 5,
847 1573 876 1648 2,
892 1573 1231 1653 quadragintaquinque
1248 1573 1351 1632 diebus

205 1673 365 1738 seeundum
391 1669 572 1732 Herodotum
599 1671 678 1730 VIII
697 1663 989 1754 impartitionem
1015 1671 1209 1750 quadraginta
1231 1674 1353 1732 circiter

205 1791 294 1834 55555
318 1779 420 1830 uatum
445 1769 521 1828 diem
546 1787 719 1846 supremum
742 1767 843 1828 obisse
861 1770 907 1845 (7,
925 1771 977 1844 10,
998 1771 1041 1843 6),
1066 1789 1134 1828 cum
1157 1769 1352 1846 quadraginta

205 1873 333 1952 quinque
357 1871 514 1928 mimmum
539 1867 668 1946 haberet,
689 1867 919 1926 Themistoclem
938 1867 1045 1926 litteris
1066 1885 1263 1946 sermoneque
1280 1867 1350 1928 Per-

205 1973 264 2032 sico
297 1969 368 2026 a'deo
403 1965 551 2026 eruditum
587 1983 663 2044 esse,
697 1971 729 2024 ut
757 1964 849 2026 multo
878 1966 1062 2026 commodius
1095 1965 1246 2026 diceretur
1274 1965 1351 2044 apud

204 2085 302 2146 regem
327 2065 418 2126 uerba
442 2065 558 2140 secisse,
585 2083 670 2142 quam
695 2065 717 2122 ii
738 2071 869 2140 possent,
895 2065 998 2142 quiin
1022 2063 1144 2124 Perside
1167 2072 1269 2124 essent
1291 2065 1352 2122 5511

205 2161 246 2248 (2,
264 2167 313 2240 10,
332 2167 366 2236 1;
392 2163 428 2240 51.
449 2161 578 2222 111551
597 2161 660 2220 138
683 2167 740 2242 crte
766 2159 931 2243 Περσίδος
955 2161 1104 2242 γλώσσης
1126 2161 1186 2224 ὅσα
1205 2159 1350 2242 ἠδύνατο

204 2261 389 2342 uocemque,
413 2259 486 2320 Plut.
508 2255 671 2318 11151529
697 2257 757 2338 τὴν
781 2258 931 2341 11555115
956 2261 1107 2338 γλῶσσαν
1133 2257 1352 2340 ἀποχρώντως

204 2353 387 2440 1555151515
417 2357 472 2416 5115
496 2357 614 2416 oniniuo
640 2357 813 2434 15155551,
837 2359 920 2416 uelut
948 2359 1055 2418 iterum
1081 2377 1182 2418 omnes
1206 2359 1350 2418 lacedae-

204 2461 368 2519 moniorum
402 2459 498 2535 copias
529 2455 563 2515 ab
593 2455 737 2533 Iphicrate
767 2455 882 2533 fugatas
910 2476 975 2517 esse
1001 2459 1068 2533 (11,
1087 2457 1116 2534 2,
1136 2459 1170 2533 3)
1201 2457 1350 2537 multaque

205 2576 278 2635 quae
293 2558 392 2615 omnia
409 2554 563 2633 diligenter
579 2552 746 2633 Nipperdey
762 2556 792 2615 iu
810 2556 939 2615 editione
955 2576 1008 2615 sua
1022 2559 1134 2615 maiore
1149 2558 1272 2617 notauit.
1295 2576 1350 2617 uec

204 2656 299 2715 minus
325 2654 404 2733 quod
427 2654 459 2711 15
481 2654 632 2731 prooemio
657 2654 740 2731 plura
765 2658 906 2733 persequi
923 2672 991 2713 cum
1012 2654 1247 2733 magnitudinem
1268 2654 1350 2715 5515-

204 2756 291 2813 minis
319 2752 477 2831 prohibere
508 2750 578 2811 dicit
605 2758 667 2811 tum
699 2752 928 2831 festinationem,
958 2760 990 2813 ut
1020 2772 1053 2813 ea
1080 2753 1253 2833 explicaret,
1276 2774 1350 2833 quae

205 2870 326 2911 exorsus
347 2858 425 2909 esset
440 2846 536 2929 (181,
556 2858 605 2909 551
623 2848 843 2927 Epaminondae
862 2852 1058 2910 abstinentiae
1078 2852 1270 2911 illustrandae
1288 2872 1350 2913 155-

205 2948 272 3009 dum
301 2948 498 3009 adhibendum
530 2966 606 3027 esse,
637 2950 775 3027 quoniam
802 2968 861 3007 555
886 2950 942 3009 hoc
964 2949 1115 3009 uolumine
1139 2952 1230 3011 uitam
1255 2952 1350 3011 excel-

204 3048 326 3107 lentium
359 3050 491 3107 uirorum
526 3044 721 3125 complurium
757 3046 934 3107 concludere
972 3050 1188 3127 constituisset,
1225 3068 1349 3127 quorum

205 3146 360 3223 separatim
389 3146 488 3205 multis
519 3144 638 3205 milibus
665 3164 807 3203 uersuum
838 3146 1005 3225 complures
1033 3150 1195 3227 scriptores
1222 3157 1289 3208 aute
1319 3168 1350 3207 se

205 3244 403 3323 explicassent
417 3244 481 3319 (15,
496 3244 527 3319 4,
542 3242 586 3317 6),
601 3242 753 3303 rhetorum
774 3242 903 3305 scholam
922 3248 1048 3324 sapiunt,
1074 3248 1125 3325 qui
1144 3266 1230 3325 saepe
1250 3266 1350 3305 rerum

203 3342 332 3421 iuopiam
359 3340 411 3401 tali
439 3344 551 3401 ratione
578 3340 761 3401 uelauerunt.
798 3350 829 3401 51
850 3342 939 3422 idem,
963 3362 1030 3403 euru
1054 3346 1086 3403 iu
1107 3344 1155 3405 his
1173 3346 1265 3405 rebus
1287 3364 1350 3406 ora·

204 3442 278 3499 11551
304 3440 452 3499 ornandae
479 3442 636 3499 ueritatem
665 3440 854 3521 concederet,
884 3462 956 3503 ase
978 3446 1140 3522 impetrare
1162 3462 1223 3503 non
1246 3446 1350 3522 potuit,

205 3540 276 3617 quin
298 3538 389 3599 attici
417 3542 586 3599 auctoritati
612 3538 771 3599 obsecutus
799 3558 857 3599 non
886 3542 980 3599 solum
1005 3560 1092 3619 saepe
1114 3544 1234 3601 uomina
1258 3544 1350 3621 scrip·

206 3644 313 3715 lorum,
346 3636 452 3715 quibus
475 3656 547 3697 usus
574 3644 663 3717 55551,
692 3638 742 3695 sed
769 3640 857 3697 etiam
881 3640 1011 3697 rationes
1034 3642 1180 3718 egregias,
1210 3660 1285 3719 quae
1313 3660 1350 3701 ue

205 3752 283 3795 nuuc
301 3734 420 3815 quidem
441 3742 662 3813 spernerentur,
685 3734 720 3797 de
738 3738 836 3813 predo
854 3755 960 3797 eorum
975 3739 1137 3819 prolerret3
1162 3737 1198 3799 de
1217 3747 1350 3817 tempore

205 3836 290 3911 culm,
310 3854 367 3911 555
383 3832 597 3893 Themistocles
615 3836 647 3893 iu
661 3834 814 3893 Persidem
834 3836 1009 3915 confugerit,
1022 3836 1224 3915 Thucydidem
1243 3840 1350 3897 ceteris

206 3934 367 4011 anteponit,
399 3932 475 4009 (prod
502 3938 598 3993 aetate
625 3934 778 4011 proximus
808 3932 844 3993 de
871 3936 922 4012 iis,
958 3937 1008 4013 qui
1036 3934 1156 3995 illorum
1183 3944 1350 4013 temporum

205 4028 341 4089 historias
373 4030 573 4109 reliquissent,
607 4038 636 4091 et
664 4030 795 4091 elusdem
831 4034 960 4091 ciuitatis
991 4034 1257 4109 155511(2,9,1;
1287 4038 1350 4095 uid.

293 4184 427 4253 11551
454 4184 554 4239 55515111
577 4186 743 4253 1551555511
766 4188 858 4241 5515515
881 4188 1050 4253 mortalibus,
1072 4190 1352 4243 5115555511551155·

205 4262 371 4317 1555555115
391 4282 473 4333 55555
491 4266 524 4317 ln
542 4266 661 4319 adcursu
679 4272 743 4319 esset
761 4268 885 4331 1551555,
914 4272 957 4334 18,
973 4274 1023 4333 r,1
1042 4268 1116 4335 quod
1135 4286 1248 4338 51555555
1266 4270 1350 4323 15551-

205 4358 248 4395 555
269 4346 370 4397 5111515
390 4346 524 4411 irretimur,
542 4364 599 4399 555
616 4348 738 4415 fortune,
760 4346 870 4399 similia.
