3234 4950
271 354 317 419 40
676 352 879 409 CORNELIVS
896 353 1014 409 Nanos

270 540 456 601 perseueras,
479 540 594 601 uereor,
620 538 654 581 nc
681 522 710 579 in
735 540 852 583 omnem
876 524 967 583 uitam
995 528 1108 583 tantum
1131 520 1242 581 laboris
1260 520 1347 600 culpa
1370 529 1421 581 tua

272 622 406 699 recipias,
432 622 474 679 uti
499 620 528 679 in
553 620 633 679 nullo
656 626 789 697 tempore
815 628 878 679 tute
900 622 955 679 tihi
977 622 1093 699 placere
1118 622 1222 697 possis.

362 712 445 781 16³⁴.
478 720 559 779 Suet.
580 722 617 779 222
641 736 768 793 prorum.
789 728 820 779 22
840 722 916 779 rhet.
936 720 980 779 27
1000 718 1049 792 (3)
1066 737 1099 793 p.
1121 718 1186 775 124
1209 718 1260 795 Rs.
1303 718 1420 777 Primus

272 816 319 895 [L.
340 818 516 877 Voltocr'lr'ua
533 816 704 893 Pitholaus]
725 820 857 877 omnium
877 816 1090 894 libertinorum,
1106 824 1139 877 ut
1152 815 1308 877 Cornelius
1321 814 1420 895 Nepos

272 916 414 991 opinatur,
442 916 572 975 scrihere
594 916 749 975 historiam
771 934 868 992 orsus
890 934 949 975 non
972 916 1030 975 nisi
1056 914 1090 973 ah
1116 916 1324 974 honestissimo
1349 930 1445 993 qno-5

272 1030 329 1091 que
353 1012 445 1073 scribi
467 1012 582 1073 solitam
608 1012 642 1073 ad
665 1012 697 1071 id
719 1018 845 1091 tempus.

362 1104 417 1171 11.
452 1110 549 1171 Areon.
575 1114 647 1171 Garri.
668 1112 732 1171 0021.
754 1112 820 1171 278
851 1112 1006 1172 Cornelius
1029 1110 1129 1189 Nepos
1155 1114 1188 1171 in
1213 1112 1291 1171 libro
1316 1112 1419 1171 [12121-
1527 1135 1531 1208 ζ

272 1210 390 1269 storicis
425 1210 535 1269 Latinis
572 1210 604 1267 de
640 1208 723 1269 laude
757 1210 922 1269 Ciceronis:
951 1210 1016 1270 Non
1044 1212 1181 1287 ignorare
1208 1208 1300 1270 debes
1326 1228 1420 1271 unum

271 1308 327 1367 hoc
350 1324 445 1385 genus
468 1306 639 1369 Latinarum
661 1306 829 1369 litterarum
853 1310 948 1369 adhuc
969 1328 1029 1369 non
1053 1308 1138 1369 modo
1158 1328 1217 1369 non
1240 1310 1420 1389 respondere
1527 1385 1529 1388 Ι

272 1404 411 1467 Graeciae
442 1406 493 1467 sed
521 1408 641 1467 omnino
669 1406 743 1465 rude
771 1414 859 1485 atque
882 1408 1053 1467 inchoatum
1078 1414 1175 1467 morte
1198 1406 1350 1467 Ciceronis
1373 1422 1459 1466 re-1o

272 1504 384 1565 lictum.
422 1504 471 1563 ille
498 1506 576 1565 enim
592 1504 654 1571 *suit
677 1524 763 1585 unus,
788 1508 839 1584 qui
863 1508 993 1585 potuerit
1014 1513 1045 1563 et
1067 1506 1155 1565 ctiam
1176 1504 1312 1565 debuerit
1327 1504 1420 1567 histo-

272 1604 345 1663 riam
377 1602 462 1681 digna
489 1622 564 1663 uoce
591 1606 795 1681 pronuntiare,
825 1606 934 1683 quippe
956 1608 1009 1681 qui
1036 1606 1193 1663 oratoriam
1222 1605 1420 1681 eloquentiam

272 1702 375 1759 rudem
400 1720 415 1759 a
440 1702 600 1761 maioribus
626 1708 773 1779 acceptam
797 1702 999 1781 perpoliuerit,
1019 1702 1237 1781 philosophiam
1260 1710 1327 1763 ante
1352 1720 1420 1763 eum

270 1800 452 1877 incomptam
475 1798 610 1861 Latinam
635 1818 688 1859 sua
711 1800 902 1861 conformant
927 1804 1066 1861 oratione.
1100 1820 1135 1861 er
1159 1820 1217 1879 quo
1243 1800 1352 1877 debite,
1375 1802 1419 1859 in·

271 1900 362 1957 teritu
387 1898 451 1957 eius
472 1906 575 1957 utrum
597 1918 646 1959 res
670 1898 788 1975 publica
814 1918 849 1957 an
873 1900 996 1959 historia
1017 1900 1113 1976 magis
1136 1898 1240 1968 doleat.
1259 1932 1303 1941 —
1324 1899 1420 1957 idem:
1434 1914 1459 1953 15

272 1996 416 2073 Locuples
443 2014 474 2055 ac
501 1996 599 2057 diuina
624 2002 735 2075 natura,
757 2016 815 2077 quo
832 2000 975 2059 maiorem
995 1998 1041 2059 sui
1059 2005 1179 2077 pareret
1196 1996 1420 2057 admirationem
1527 2021 1531 2039 2

272 2094 536 2173 ponderatioraque
568 2116 620 2155 sua
647 2104 748 2155 essent
736 2094 927 2175 thenolicia‚
953 2116 1051 2175 neque
1073 2098 1127 2155 uni
1148 2098 1248 2155 omnia
1271 2094 1340 2155 dare
1364 2112 1421 2155 nec

273 2206 378 2253 rursus
401 2194 538 2271 cuiquam
565 2198 659 2255 omnia
686 2194 778 2255 uoluit
802 2212 918 2271 negare

362 2286 445 2353 186.
470 2294 550 2353 Suet
568 2296 603 2353 de
621 2300 791 2369 ι2220222022
780 2296 886 2353 ttrite
900 2296 923 2351 4
935 2314 967 2371 p
984 2294 1050 2353 103
1068 2294 1120 2369 Rs.
1142 2292 1299 2353 Cornelius
1321 2290 1420 2371 Nepos

273 2390 379 2467 libello,
407 2410 463 2469 qno
495 2392 705 2469 distinguitt
671 2391 717 2450 litt
706 2396 780 2451 itera
779 2410 832 2451 um
862 2392 896 2451 ah
921 2392 1045 2469 erudito,
1071 2392 1213 2451 litteratos
1243 2390 1330 2468 uulgo
1356 2390 1419 2469 qui-
1434 2406 1459 2445 20

273 2489 338 2550 dem
363 2489 505 2570 appellari
527 2491 569 2550 ait
591 2509 649 2570 eos
675 2489 724 2570 qui
751 2490 906 2570 diligenter
930 2489 1039 2570 aliquid
1064 2497 1092 2551 et
1121 2498 1203 2551 acute
1232 2492 1314 2550 scien
1315 2497 1420 2569 terque

273 2589 389 2666 possint
415 2595 465 2648 aut
494 2589 591 2650 dicere
622 2595 669 2650 aut
696 2589 838 2668 scrihere,
864 2597 996 2650 ceterum
1019 2591 1139 2667 proprie
1163 2591 1206 2648 sic
1231 2587 1420 2666 appellandos

274 2693 428 2764 poetarum
451 2687 639 2768 interpretes7
662 2689 713 2766 qui
739 2707 754 2746 a
777 2687 897 2748 Graecis
921 2690 1105 2768 grammatici
1128 2689 1324 2748 nominentur

638 2885 690 2942 EX
712 2885 844 2942 Lienis
869 2885 1056 2944 tuscanis

365 3021 396 3086 l.
436 3027 552 3086 Charis,
575 3027 722 3104 122101
750 3029 786 3086 K.
821 3027 978 3104 largitudo
1007 3045 1152 3104 nusquam
1182 3029 1333 3088 inuenitur
1362 3027 1421 3086 nisi

273 3123 349 3202 apud
375 3123 524 3202 Nepotem.

273 3261 274 3264 =
362 3217 394 3284 2.
427 3225 471 3284 De
497 3225 565 3282 222212.
584 3241 659 3284 riom.
690 3225 712 3282 l*
726 3243 760 3300 p.
780 3225 846 3284 576
873 3227 905 3284 K.
940 3225 1075 3284 Culmum
1104 3227 1221 3302 generis
1252 3227 1360 3302 ueratri
1386 3232 1420 3282 ut

274 3319 369 3400 Nepos
393 3321 464 3382 uult.

362 3491 410 3548 16.
436 3493 495 3546 Vt'cl.
512 3495 531 3546 I
541 3509 572 3560 p
590 3515 691 3548 02022222

362 3565 410 3620 18.
440 3565 487 3618 Ee
502 3567 678 3632 praefatione
701 3563 765 3620 111222
782 3569 817 3620 de
834 3575 970 3650 promanat
970 3569 1028 3632 ier-s,
1050 3574 1078 3620 222
1068 3569 1213 3620 2222012202.
1247 3569 1419 3638 1201120222

272 3653 297 3704 p.
315 3641 368 3690 193
387 3637 459 3692 222222
477 3637 596 3692 libellum
617 3639 648 3692 22
668 3639 823 3692 illustribus
839 3641 910 3692 222220
929 3639 1049 3694 02022222

363 3825 392 3880 2.
414 3823 447 3880 in
470 3823 542 3882 212121
561 3821 652 3882 Halon

365 3903 421 3988 16,
448 3911 1349 3992 211012001122201202222222222202221222202222200120021203
1374 3917 1420 3974 2222

274 3953 427 4060 octacilius
459 4003 507 4060 2221
533 4001 671 4060 otacilius
701 4003 768 4062 121222
795 4005 953 4064 Pitholeus
981 4007 1072 4065 112222
1046 4011 1168 4064 2222220
1187 4007 1278 4064 Rhea
1300 4007 1425 4064 XLIII

269 4109 299 4164 p.
317 4093 382 4148 312
456 4091 520 4166 pilu
523 4095 571 4150 tus
593 4093 661 4150 221222
686 4091 739 4150 Plo
741 4095 787 4152 tus
809 4097 1006 4170 1222202222οε

188 4207 189 4210 “
365 4171 422 4256 li,
450 4181 498 4238 14,
522 4181 719 4240 conformanti
744 4185 1212 4258 0206022202222112222222922
1306 4187 1354 4244 16
1377 4187 1420 4244 lo-

275 4271 380 4346 cuplex
401 4271 461 4328 0021.
476 4287 527 4328 em.
542 4273 708 4344 Henstnper

365 4351 399 4438 2,
424 4361 473 4418 26.
501 4359 620 4422 Culmus
635 4365 659 4420 22
673 4381 766 4436 nepus
789 4363 871 4420 codri.
889 4365 982 4423 Kelle‘e'

1526 2525 1530 2587 l

1526 2582 1530 2621 1

1526 2632 1529 2683 1
