3234 4950
248 388 344 435 emm
496 364 541 421 Dl]
565 364 793 421 suurPToaVut
814 364 906 421 Viris
928 366 971 421 ET
993 364 1148 421 scalaris

245 532 323 583 uitae
347 546 412 583 suae
437 528 575 597 portentis
598 528 715 597 capillos
741 544 851 597 quoque
877 530 1024 599 Poppaeae
1048 528 1176 599 coniugis
1199 546 1266 583 suae
1289 528 1320 581 in
1339 528 1392 581 hoe

244 628 345 663 nomen
366 610 546 679 [sucinorum]
570 610 756 679 adopta-uerat
775 612 803 661 55
823 628 846 675 q.
865 613 909 677 5.);
932 616 984 663 118
1004 610 1200 679 Magnitudine
1213 610 1278 662 XVI
1297 610 1392 661 uncia-

244 708 307 743 rum
326 690 449 745 uidimus
468 690 617 745 formatam
637 690 702 743 inde
721 688 857 761 [iaspide]
878 690 999 761 effigiem
1017 690 1137 743 Neronis
1154 692 1349 756 thoracaiam).

592 974 762 1045 FABIVS
789 970 1051 1058 avariora)

336 1156 468 1233 Cognitio
494 1156 557 1213 eius
582 1156 720 1213 historiae
748 1152 801 1213 soli
827 1152 952 1213 debetur
973 1154 1075 1213 Tacito
1097 1156 1131 1213 in
1154 1156 1215 1214 uita
1240 1152 1392 1231 Agricolae

246 1258 285 1327 (o.
302 1256 358 1327 10)
389 1262 420 1315 ut
450 1252 567 1313 Liuium
598 1260 750 1329 ueterum,
778 1252 823 1311 sic
848 1252 930 1313 hunc
959 1256 1125 1313 recentium
1151 1260 1307 1313 auctorum
1333 1252 1392 1313 elo·

246 1354 472 1431 quentissirnuni
499 1344 536 1435 (a.
559 1354 648 1429 igitur
672 1344 816 1435 981851)
838 1350 1023 1429 praedicanti
1055 1350 1209 1429 tribusque
1244 1352 1392 1411 annalium

245 1450 319 1511 locis
343 1452 454 1511 citanti.
491 1452 553 1529 ipse
579 1458 677 1509 tamen
703 1468 777 1507 anno
802 1450 864 1507 fere
887 1446 949 1511 108
972 1451 1053 1510 inter
1074 1450 1200 1511 heredes
1218 1468 1236 1507 a
1254 1450 1392 1511 Dasumio

246 1558 437 1609 enumeratur
473 1548 563 1629 idque
598 1566 665 1609 cum
701 1540 825 1631 (Plinio)
859 1546 996 1609 Secundo
1027 1558 1059 1609 et
1089 1546 1226 1609 Cornelio
1260 1542 1391 1632 (Tacito)

245 1648 292 1719 (C.
309 1650 333 1707 I.
348 1648 383 1707 L.
400 1648 445 1707 VI
460 1648 569 1705 10229
584 1676 616 1693 =
637 1648 800 1705 Wilmooas
820 1648 907 1725 314),
928 1654 960 1707 ut
983 1666 1052 1707 eum
1070 1650 1101 1705 iu
1126 1650 1264 1707 societate
1289 1666 1391 1707 eorum

244 1746 336 1807 fuisse
360 1752 512 1825 appareat,
535 1746 587 1823 qui
609 1744 696 1803 nobis
714 1744 803 1803 Plinii
823 1744 957 1823 epistulis
975 1748 1038 1805 noti
1060 1754 1136 1825 sunt,
1160 1754 1191 1807 55
1208 1746 1246 1805 ad
1264 1744 1392 1805 eundem

244 1846 356 1905 incerto
379 1852 511 1923 ternpore
529 1834 623 1925 (inter
643 1862 665 1903 a.
683 1838 845 1921 att—109,
865 1864 894 1903 5.
908 1846 1011 1905 Boem.
1026 1846 1122 1921 Brief
1127 1864 1159 1921 p.
1178 1844 1242 1903 108
1255 1848 1312 1919 sq.)
1327 1846 1391 1903 eius

244 1942 401 2023 epistulam
419 1946 540 2001 missam
562 1960 635 2021 5555,
653 1948 688 2001 ut
706 1940 741 2001 ad
763 1944 897 2022 amicum,
916 1944 968 2021 qui
982 1962 1042 2003 uon
1063 1942 1308 2023 quemadmodum
1327 1945 1391 2021 ipse

244 2042 274 2101 in
298 2040 400 2101 multis
420 2040 587 2101 litterarum
616 2038 774 2119 generibus
799 2050 937 2101 uersatus
958 2051 1035 2101 esset
1061 2040 1113 2101 sed
1136 2044 1167 2101 iu
1190 2042 1250 2101 uiro
1273 2059 1392 2101 omnem

244 2158 364 2219 operam
385 2140 538 2219 posuisset.
572 2158 639 2197 curn
656 2146 758 2197 tamen
776 2138 896 2200 Tacitus
916 2158 984 2199 euin
1004 2142 1090 2199 etiarn
1112 2142 1242 2201 amicitia
1261 2140 1390 2199 Senecae

244 2238 381 2299 floruisse
410 2236 487 2297 dicat
513 2236 578 2315 (13,
595 2230 698 2319 20)²),
726 2254 794 2297 eum
824 2258 847 2298 a.
869 2240 930 2299 fere
954 2233 1080 2318 301183
1104 2245 1206 2299 natum
1234 2256 1326 2317 paene
1356 2238 1391 2299 ad

244 2338 457 2415 octogesimum
480 2336 653 2413 peruenisse
679 2336 893 2399 concludimus.
931 2338 1084 2396 historiam
1104 2345 1203 2397 autem
1221 2338 1278 2395 iarn
1300 2336 1391 2395 multo

244 2442 311 2496 5555
340 2440 554 2514 composuerat,
579 2434 596 2494 i.
618 2452 642 2494 e.
661 2434 740 2496 inter
764 2454 855 2496 anuos
877 2431 997 2515 taraci
1018 2443 1047 2496 55
1067 2430 1202 2515 831836,
1226 2438 1253 2496 si
1270 2434 1391 2514 quidem

244 2535 374 2594 nondurn
399 2535 583 2594 Britanniam
606 2533 731 2594 insulani
759 2553 825 2594 esse
842 2544 1029 2614 cognouerat,
1050 2537 1068 2594 i.
1083 2553 1108 2594 e.
1129 2543 1195 2594 aute
1214 2531 1257 2594 83
1275 2535 1326 2594 uel
1339 2531 1390 2612 84,

244 2653 301 2714 quo
327 2635 456 2714 primum
479 2651 494 2692 a
520 2631 611 2692 515555
637 2633 766 2692 Romana
785 2635 986 2694 circumuecta
1006 2642 1052 2694 est
1069 2633 1390 2710 (5555152538.

244 2735 342 2794 Fubr'o
358 2751 392 2808 p.
412 2731 502 2810 380),
526 2733 615 2810 inque
642 2729 754 2810 dialogo
774 2733 816 2804 (o.
834 2733 891 2806 23)
915 2733 1034 2792 Tacitus
1060 2732 1093 2792 Μ.
1110 2733 1221 2812 Aprum
1241 2741 1390 2810 tamquam

243 2833 394 2910 principes
422 2831 597 2890 recentioris
627 2831 767 2890 historiae
791 2849 818 2890 a.
838 2827 962 2911 741827
988 2849 1047 2890 555
1076 2831 1198 2891 Fabium
1226 2831 1390 2910 Rusticum,

244 2949 332 3008 quem
355 2933 387 2988 in
409 2927 544 3008 Agricola
570 2925 663 3008 598,
690 2927 741 2988 sed
765 2927 912 2990 Aufidium
941 2929 1066 2990 Bassum
1093 2939 1125 2990 et
1149 2929 1311 2990 Seruilium
1333 2927 1390 2988 No·

243 3031 365 3090 uianum
398 3027 568 3086 laudantem
599 3027 677 3088 lecit.
719 3045 793 3104 quae
828 3036 927 3089 autem
958 3047 1008 3088 res
1040 3049 1076 3088 55
1107 3047 1140 3088 ea
1174 3029 1281 3088 relatae
1313 3037 1391 3106 sunt,

244 3129 368 3206 imperio
398 3125 524 3186 Neronis
552 3127 755 3206 continentur,
779 3143 837 3204 qua
862 3127 897 3188 de
922 3146 1023 3206 causa,
1047 3145 1116 3188 oum
1138 3127 1309 3186 Britanniae
1331 3145 1391 3186 uon

196 3275 197 3280 ,
244 3227 340 3284 solum
369 3245 384 3284 a
408 3223 527 3284 Claudio
558 3223 608 3284 sed
640 3227 725 3284 etiarn
756 3245 770 3284 5
798 3223 915 3285 Nerone
946 3227 1055 3286 bellurn
1081 3225 1197 3286 illatum
1219 3234 1313 3304 55555,
1334 3225 1391 3284 1555

244 3325 398 3384 occasione
432 3327 495 3384 eius
532 3325 623 3384 situm
661 3321 843 3402 descriptum
877 3343 943 3386 esse
978 3323 1074 3402 Groag
1094 3343 1129 3400 p.
1149 3323 1213 3384 789
1246 3332 1275 3384 et
1302 3323 1391 3382 Fabia

190 3411 191 3414 ¹
236 3439 271 3496 p.
286 3421 359 3482 381.
386 3421 449 3482 211
475 3421 608 3482 arbitrati
640 3431 714 3482 sunt
754 3419 805 3482 sed
830 3431 933 3500 postea
959 3425 1018 3484 hnc
1041 3422 1218 3500 redibimus
1244 3443 1334 3500 5555,
1358 3432 1391 3482 55

242 3521 328 3598 plura
352 3539 500 3598 55555555,
523 3521 609 3580 altius
636 3539 683 3578 555
707 3539 722 3578 5
747 3521 841 3580 Taciti
865 3525 1023 3602 prooemiis
1048 3521 1209 3600 repetenda
1234 3529 1287 3582 est.

334 3617 405 3678 Nam
434 3619 518 3698 initio
547 3617 697 3678 annalium
724 3625 805 3678 55555
834 3626 895 3680 5555
924 3628 1034 3680 5555555
1059 3623 1217 3680 memoriae
1243 3619 1390 3680 Romanae

244 3717 406 3794 distinguit,
425 3715 571 3776 libertatis
591 3719 635 3776 rei
653 3737 692 3794 p,
710 3719 831 3796 imperii
844 3719 977 3798 Augusti,
999 3717 1126 3799 denique
1144 3719 1258 3778 Tiberii
1276 3719 1389 3798 Gaique

244 3825 273 3874 55
295 3815 410 3876 Claudii
435 3803 630 3894 55Ν555515,
652 3821 695 3894 55,
722 3833 789 3876 curn
815 3819 909 3894 prima
940 3817 1026 3878 claris
1057 3819 1251 3896 scriptoribus
1279 3837 1389 3878 memo·

243 3923 305 3974 rata
339 3915 389 3992 sit,
421 3913 508 3974 alteri
538 3931 596 3974 555
633 3913 779 3974 defuerint
814 3913 920 3975 deeora
952 3919 1083 3994 ingenia,
1122 3917 1212 3976 donee
1247 3917 1389 3996 gliscente

243 4013 409 4072 adulatione
440 4013 673 4090 deterrerentur,
706 4021 807 4072 contra
838 4017 927 4076 tertia
955 4025 1006 4076 aut
1032 4015 1070 4076 ob
1096 4025 1209 4076 ruet-uui
1240 4015 1311 4076 laiso
1339 4025 1390 4076 aut

334 4241 359 4308 1)
381 4237 476 4292 Libros
499 4237 545 4306 qui
565 4239 618 4290 huo
638 4239 786 4306 pertinent,
808 4259 893 4310 supra
910 4259 939 4310 p.
954 4261 1072 4296 cxxxxvr
1086 4259 1127 4310 sq.
1147 4243 1317 4296 enomeraui.

334 4321 358 4386 2)
379 4319 431 4370 Eos
457 4319 541 4372 eiiam
567 4321 760 4374 conterraneos
782 4319 870 4376 fuisse
889 4321 983 4392 Groa‘g
1002 4343 1026 4392 p.
1045 4327 1094 4376 790
1115 4323 1234 4376 coniecit
1255 4339 1338 4392 saepe
1358 4322 1386 4374 in

172 4469 174 4474 y
243 4399 335 4454 titulis
355 4399 485 4468 Hispanis
507 4399 614 4454 Rustici
634 4417 734 4454 nomen
754 4403 871 4472 reperiri
889 4403 1050 4458 admonens,
