3234 4950
327 336 430 383 XX1111
575 314 623 367 DE
645 314 874 369 steterentin
893 310 987 366 Viris
1005 312 1053 365 ΕΤ
1073 310 1231 365 SCRIPTIS

328 486 365 545 de
384 504 417 545 re
435 482 554 563 publica
571 482 656 541 libris
677 500 708 541 se
725 480 928 569 ‘adlueterum
945 499 1048 539 rerum
1065 498 1186 539 suarum
1205 484 1379 541 memoriam
1399 500 1477 541 eom·

327 580 568 661 prehendendam
597 580 747 659 inpulsum
777 586 865 657 atque
891 582 1048 639 incensum
1071 576 1150 639 esse’
1173 580 1205 638 in
1229 580 1421 659 praefatione,
1444 588 1478 639 ut

327 680 454 759 uidetur,
472 680 625 757 scripserit
638 670 735 761 (certe
749 678 822 737 haec
839 698 907 738 eum
921 676 1025 737 Cicero
1040 678 1070 735 in
1085 676 1176 737 Bruto
1191 678 1340 737 dicentem
1353 678 1478 755 induxit,

329 782 358 857 5,
374 772 440 863 19),
460 778 550 855 idque
569 794 633 835 eam
654 776 689 837 ob
711 794 837 855 oausam,
857 783 890 835 ut
909 776 1046 853 amicum,
1065 778 1114 835 eui
1126 774 1226 855 Nepos
1243 778 1276 835 in
1294 776 1478 855 temporibus

330 874 544 939 constituendis
564 882 666 935 auctor
684 868 823 959 iuerat1),
843 874 878 933 ab
898 876 963 933 eius
981 872 1101 933 leuitate
1116 881 1146 935 et
1165 874 1340 935 credulitate
1358 874 1395 935 ad
1415 894 1478 935 eer-

328 980 405 1037 tiora
426 980 452 1035 et
475 972 659 1051 diligentiora
679 979 842 1033 reuocaret.
867 974 1010 1049 originem
1031 978 1127 1031 autem
1147 974 1202 1031 hoo
1219 974 1350 1033 studium
1363 992 1379 1033 a
1394 981 1478 1053 patre

330 1074 447 1135 duxisse
472 1070 601 1151 uidetur,
625 1072 661 1131 ad
685 1090 772 1149 quem
792 1070 827 1129 M.
843 1070 944 1130 lunius
966 1070 1163 1150 Graec-banus,
1186 1070 1275 1131 homo
1294 1074 1478 1151 antiquitatis

327 1172 541 1251 peritissimuS,
564 1170 673 1229 librum
698 1168 734 1229 de
756 1175 936 1247 potestatum
959 1170 1025 1229 iure
1048 1171 1171 1229 miserat
1188 1172 1268 1241 (cte.
1290 1172 1326 1230 de
1350 1174 1406 1245 lep.
1425 1172 1483 1229 III

328 1272 380 1347 20,
399 1270 466 1343 49).
504 1268 606 1327 Edidit
633 1274 732 1329 autem
758 1268 838 1327 lilius
866 1266 976 1325 librum
1003 1286 1091 1325 suum
1113 1266 1379 1328 Alexandrinorum
1404 1268 1479 1349 χρό-

327 1388 408 1439 νους
435 1368 568 1427 imitatus
593 1386 617 1427 a.
635 1360 761 1447 nisset
787 1364 836 1425 uel
864 1368 972 1445 insen,
998 1382 1067 1425 nam
1096 1364 1198 1427 Cicero
1226 1370 1257 1427 in
1286 1366 1376 1427 Bruto
1406 1368 1479 1427 scri·

327 1456 624 1547 11611116(6.41)601
645 1472 771 1523 exeunte
793 1462 840 1523 uel
858 1460 986 1545 461608
1004 1465 1134 1543 ineunte,
1155 1464 1214 1523 uid.
1235 1466 1265 1526 0.
1283 1468 1316 1525 E.
1332 1468 1479 1541 Solantur,

328 1564 452 1641 Briefw.
470 1568 497 1625 tt.
517 1564 576 1625 Cic.
589 1582 623 1639 p.
639 1564 712 1623 316.
729 1556 808 1647 120)
828 1562 865 1621 ab
884 1580 920 1621 eo
937 1568 971 1621 ut.
989 1564 1152 1623 nouissimo
1172 1562 1324 1624 exorditur
1344 1573 1371 1624 et
1390 1582 1479 1643 saepe

329 1682 452 1723 numero
479 1662 514 1723 ad
540 1682 607 1721 eum
631 1660 715 1739 redit,
741 1680 807 1721 euin
830 1669 865 1721 ut
887 1678 989 1721 rerum
1010 1658 1209 1721 Romanarum
1236 1670 1385 1721 auctorem
1411 1662 1479 1721 reli·

330 1762 530 1839 giosissimum
552 1768 579 1819 et
600 1760 860 1837 diligentissimum
877 1758 1000 1819 laudans
1015 1760 1082 1835 (11,
1098 1760 1148 1819 11.
1170 1760 1265 1835 3,11.
1291 1760 1328 1837 of.
1346 1760 1397 1835 19,
1413 1761 1480 1835 74),

330 1878 424 1937 eoque
439 1858 604 1919 enchiridio
619 1860 707 1919 etiam
723 1862 753 1917 in
768 1862 876 1919 ceteris
889 1855 985 1937 libris,
998 1860 1051 1935 qui
1068 1858 1222 1919 subsecuti
1239 1869 1317 1937 sunt,
1338 1852 1480 1942 (maxime

328 1958 361 2017 in
385 1952 508 2041 Catone)
535 1954 746 2035 componendis
775 1976 844 2015 eum
871 1976 958 2017 usum
987 1974 1052 2015 esse
1081 1965 1312 2016 consentaneum
1341 1965 1398 2035 est,
1423 1960 1480 2017 etsi

330 2056 470 2135 frequens
495 2054 544 2115 illa
567 2060 735 2135 temporum
756 2056 868 2115 notatio
890 2054 1046 2133 relanguit..

421 2150 710 2233 ε1111611611ἰέ1111111
728 2150 943 2231 temporibus,
962 2161 996 2213 ut
1014 2152 1118 2214 Cicero
1137 2156 1178 2213 ait
1194 2156 1228 2213 in
1246 2154 1480 2234 1111161115),

329 2256 379 2315 uel
399 2252 595 2313 ‘conseruatis
619 2250 808 2333 notatisque’,
825 2253 910 2311 utin
929 2259 1045 2311 oratore
1064 2246 1268 2337 (34,120)2),
1287 2253 1402 2313 Atticus
1420 2272 1481 2314 uno

329 2354 361 2411 in
386 2358 547 2429 conspectu
570 2352 673 2411 omnia
695 2352 794 2429 posuit
813 2352 1039 2429 coniunctisque
1058 2370 1126 2411 611111
1143 2358 1312 2429 temporum
1329 2354 1480 2411 notatione

331 2450 486 2512 consulum
517 2448 688 2512 nominibus
723 2440 797 2532 (non
828 2450 960 2508 omnium
996 2456 1168 2528 praetorum
1203 2458 1253 2512 aut
1290 2450 1480 2510 tribunorum

330 2549 435 2630 plebis,
457 2549 490 2610 id
508 2547 585 2628 quod
605 2547 766 2608 Mommsen
792 2541 945 2610 coronati
954 2567 990 2624 p.
1005 2549 1070 2608 141
1095 2567 1130 2608 61
1154 2553 1238 2628 epist.
1257 2553 1303 2610 od
1317 2552 1379 2610 Act.
1394 2551 1486 2610 ΧΙΠ

331 2649 384 2726 30,
398 2649 437 2720 2,·
454 2649 507 2724 32,
521 2649 552 2708 3.
575 2647 659 2706 XVI
680 2647 775 2724 1322
802 2638 971 2730 conclusit),
998 2647 1197 2726 breuitatique
1226 2650 1265 2708 ita
1295 2649 1420 2728 studuit,
1446 2656 1481 2708 nt.

331 2767 390 2808 uno
413 2745 490 2806 libro
513 2751 604 2806 totam
627 2747 802 2806 memoriam
825 2745 986 2824 colligaret,
1009 2741 1096 2806 ‘nihil
1119 2765 1187 2806 oum
1209 2747 1325 2808 illustre
1349 2755 1481 2826 praeter·

330 2847 470 2922 mitteret,
492 2847 693 2922 septingentos
713 2861 805 2904 annos
825 2839 994 2922 complexo’
1007 2847 1065 2917 (or.
1080 2845 1132 2920 31,
1147 2846 1238 2923 120),
1252 2879 1295 2886 —
1309 2847 1388 2906 unde
1409 2867 1481 2926 quo-

331 2947 411 3004 niam
435 2943 558 3002 Romam
581 2941 729 3002 conditam
754 2961 820 3002 esse
843 2941 947 3002 maluit
969 2942 1142 3022 olympiadis
1169 2951 1267 3004 sextae
1293 2963 1368 3005 anno
1391 2947 1481 3006 tertio

333 3035 382 3124 (ε
399 3035 461 3102 753
488 3061 511 3100 a.
531 3039 598 3100 Chr.
620 3061 646 3100 n.
663 3041 705 3118 fr.
726 3035 770 3124 2),
797 3039 920 3102 adeum
942 3043 1041 3118 ipsum
1065 3061 1188 3121 annum,
1217 3061 1274 3120 quo
1303 3045 1367 3102 eius
1390 3045 1481 3104 eonii·

333 3139 432 3200 ciendi
456 3139 613 3198 consilium
633 3157 700 3198 eum
721 3141 835 3218 cepisse
856 3139 957 3200 Cicero
980 3148 1089 3218 narrat,
1108 3159 1301 3220 progressum
1323 3159 1391 3202 eum
1416 3161 1483 3202 esse

238 3297 239 3300 ,
333 3237 432 3300 elucet
450 3273 493 3280 —-
512 3237 601 3318 idque
626 3257 685 3298 non
708 3239 805 3298 solum
828 3239 960 3298 omnium
985 3257 1085 3300 rerum
1108 3239 1307 3300 Romanarum
1329 3248 1361 3300 et
1381 3241 1483 3318 legum

333 3345 363 3398 et
386 3355 492 3418 pacum
516 3343 545 3396 61
568 3337 712 3396 bellorum
743 3345 769 3396 61
798 3355 896 3396 rerum
924 3337 1084 3398 illustrium
1109 3346 1196 3416 atque
1218 3337 1386 3416 Apollodori
1411 3339 1481 3400 Cor-

158 3427 159 3430 '
233 3431 234 3434 ’
333 3435 461 3514 neliique
486 3435 607 3512 Nepotis
633 3435 799 3514 exemplum
827 3443 947 3496 secutus
972 3439 1052 3510 (Cic.
1071 3441 1115 3498 od
1134 3438 1195 3498 Art.
1214 3437 1289 3497 XII
1301 3437 1354 3513 23,
1367 3439 1396 3498 2.
1422 3439 1482 3498 uid.

334 3537 485 3596 Summitti
515 3535 728 3594 triton-oter.
750 3533 993 3610 11111638)
1012 3535 1179 3594 litterarum
1197 3537 1303 3612 (11.5)
1322 3536 1483 3596 sedetiam

333 3639 534 3648 unffi-mem
539 3641 573 3646 -.-

333 3687 459 3754 indulsit,
478 3705 570 3754 neque
584 3705 600 3740 a
615 3703 658 3738 me
675 3687 824 3756 impetrare
843 3705 966 3756 possum,
986 3691 1018 3741 ut
1036 3687 1164 3742 Atticum
1182 3689 1309 3744 leuitatis
1326 3687 1358 3742 in
1376 3689 1483 3758 eligen-

335 3769 379 3822 dis
402 3767 565 3822 auctoribus
587 3765 810 3822 insimulandum
831 3783 892 3822 esse
916 3771 1068 3822 concedam
1086 3785 1205 3838 eumque
1226 3787 1312 3838 quam
1329 3769 1435 3824 Getone
1453 3771 1484 3822 et

333 3849 452 3918 Polybio
471 3847 650 3902 inferioribus
672 3851 700 3902 61
717 3849 838 3902 turbatis
860 3848 1009 3902 annalibus
1030 3849 1073 3902 uti
1090 3849 1225 3904 maluisse
1245 3855 1280 3921 (p.
1299 3857 1331 3906 68
1341 3853 1413 3920 sqq.)
1432 3853 1484 3904 aut

336 3927 563 3984 ‘commentarios
582 3929 723 3996 antiquoe'
746 3927 787 4000 (ir.
805 3932 830 3996 5)
849 3929 977 3998 talesque
996 3929 1181 3984 auctoritates
1198 3948 1255 3984 non
1275 3945 1343 3984 suae
1363 3931 1484 4002 diligen-

334 4009 393 4064 tiae
413 4009 460 4064 sed
475 4009 610 4064 Varronis
631 4007 773 4062 doctrinae
794 4009 926 4064 debuisse
944 4011 980 4079 (p.
997 4015 1030 4064 tir
1041 4029 1100 4079 sqq.
1122 4011 1154 4065 ef.
1171 4011 1246 4065 infra
1263 4030 1291 4080 p.
1307 4014 1432 4080 111611).

426 4093 451 4160 1)
471 4089 504 4144 V.
517 4089 592 4164 iufra
612 4109 638 4160 p.
654 4107 722 4158 man.

425 4173 451 4242 2)
471 4189 631 4226 conseruere
654 4171 691 4224 ad
715 4167 842 4224 ordinem
865 4171 996 4240 pertinet,
1015 4171 1051 4225 cf.
1066 4171 1122 4226 Cio.
1137 4172 1172 4226 de
1191 4189 1230 4226 or.
1245 4173 1270 4224 il
1289 4178 1332 4240 80,
1348 4179 1412 4226 329:
1431 4174 1484 4228 erit

336 4257 425 4306 autent
445 4251 592 4322 perspicuo
618 4249 757 4318 nonrrotio,
780 4253 805 4304 si
826 4251 917 4306 uerbis
940 4253 1064 4319 usitatis,
1086 4255 1112 4304 si
1134 4255 1230 4308 certine
1251 4260 1402 4320 temporum
1422 4269 1485 4307 cont·

336 4337 453 4398 seruate,
470 4333 496 4386 si
513 4347 571 4386 non
588 4335 739 4400 interrupte
758 4333 930 4387 narrabitur.
1008 4337 1012 4345 '
