<?xml version="1.0" encoding="UTF-8"?>
<!DOCTYPE html PUBLIC "-//W3C//DTD XHTML 1.0 Transitional//EN"
    "http://www.w3.org/TR/xhtml1/DTD/xhtml1-transitional.dtd">
<html xmlns="http://www.w3.org/1999/xhtml" xml:lang="en" lang="en">
 <head>
  <title>
</title>
<meta http-equiv="Content-Type" content="text/html;charset=utf-8" />
  <meta name='ocr-system' content='tesseract 3.04.00' />
  <meta name='ocr-capabilities' content='ocr_page ocr_carea ocr_par ocr_line ocrx_word'/>
</head>
<body>
  <div class='ocr_page' id='page_1' title='image "./historicorumrom03petegoog_0200.png"; bbox 0 0 3234 4950; ppageno 0'>
   <div class='ocr_carea' id='block_1_1' title="bbox 217 365 1124 422">
    <p class='ocr_par' dir='ltr' id='par_1_1' title="bbox 217 365 1124 422">
     <span class='ocr_line' id='line_1_1' title="bbox 217 365 1124 422; baseline -0.002 -2"><span class='ocrx_word' id='word_1_1' title='bbox 217 373 387 420; x_wconf 78' lang='lat' dir='ltr'>CLXXXXII</span> <span class='ocrx_word' id='word_1_2' title='bbox 470 369 516 422; x_wconf 85' lang='lat' dir='ltr'>DE</span> <span class='ocrx_word' id='word_1_3' title='bbox 539 367 768 422; x_wconf 78' lang='lat' dir='ltr'>SCRIPTORVM</span> <span class='ocrx_word' id='word_1_4' title='bbox 789 365 880 420; x_wconf 73' lang='lat' dir='ltr'>Viris</span> <span class='ocrx_word' id='word_1_5' title='bbox 901 367 947 420; x_wconf 83' lang='grc' dir='ltr'>ΕΤ</span> <span class='ocrx_word' id='word_1_6' title='bbox 968 365 1124 420; x_wconf 81' lang='lat' dir='ltr'>SCRIPTIS</span> 
     </span>
    </p>
   </div>
   <div class='ocr_carea' id='block_1_2' title="bbox 183 533 1407 3659">
    <p class='ocr_par' dir='ltr' id='par_1_2' title="bbox 217 533 1371 1208">
     <span class='ocr_line' id='line_1_2' title="bbox 218 533 1370 616; baseline -0.002 -20"><span class='ocrx_word' id='word_1_7' title='bbox 218 539 393 616; x_wconf 80' lang='lat' dir='ltr'>repudietur</span> <span class='ocrx_word' id='word_1_8' title='bbox 415 537 472 614; x_wconf 75' lang='lat' dir='ltr'>(fr.</span> <span class='ocrx_word' id='word_1_9' title='bbox 493 539 536 614; x_wconf 83' lang='lat' dir='ltr'>I),</span> <span class='ocrx_word' id='word_1_10' title='bbox 560 537 760 614; x_wconf 82' lang='lat' dir='ltr'>nusquamin</span> <span class='ocrx_word' id='word_1_11' title='bbox 787 537 851 612; x_wconf 90' lang='lat' dir='ltr'>ipsa</span> <span class='ocrx_word' id='word_1_12' title='bbox 871 537 947 612; x_wconf 86' lang='lat' dir='ltr'>uita,</span> <span class='ocrx_word' id='word_1_13' title='bbox 973 533 1257 612; x_wconf 85' lang='lat' dir='ltr'>quemadmodum</span> <span class='ocrx_word' id='word_1_14' title='bbox 1282 535 1370 594; x_wconf 88' lang='lat' dir='ltr'>etiam</span> 
     </span>
     <span class='ocr_line' id='line_1_3' title="bbox 217 629 1369 714; baseline -0.003 -20"><span class='ocrx_word' id='word_1_15' title='bbox 217 635 414 714; x_wconf 85' lang='lat' dir='ltr'>Herodianus,</span> <span class='ocrx_word' id='word_1_16' title='bbox 442 635 527 694; x_wconf 89' lang='lat' dir='ltr'>cuius</span> <span class='ocrx_word' id='word_1_17' title='bbox 556 653 627 694; x_wconf 92' lang='lat' dir='ltr'>usus</span> <span class='ocrx_word' id='word_1_18' title='bbox 659 633 735 710; x_wconf 86' lang='lat' dir='ltr'>apud</span> <span class='ocrx_word' id='word_1_19' title='bbox 763 629 964 710; x_wconf 88' lang='lat' dir='ltr'>Capitolinum</span> <span class='ocrx_word' id='word_1_20' title='bbox 990 635 1157 708; x_wconf 86' lang='lat' dir='ltr'>posteriore</span> <span class='ocrx_word' id='word_1_21' title='bbox 1183 649 1275 710; x_wconf 87' lang='lat' dir='ltr'>opera</span> <span class='ocrx_word' id='word_1_22' title='bbox 1300 649 1369 692; x_wconf 89' lang='lat' dir='ltr'>con-</span> 
     </span>
     <span class='ocr_line' id='line_1_4' title="bbox 217 728 1370 810; baseline -0.005 -16"><span class='ocrx_word' id='word_1_23' title='bbox 217 735 338 810; x_wconf 87' lang='lat' dir='ltr'>tinetur,</span> <span class='ocrx_word' id='word_1_24' title='bbox 364 733 422 794; x_wconf 91' lang='lat' dir='ltr'>nisi</span> <span class='ocrx_word' id='word_1_25' title='bbox 445 733 476 792; x_wconf 92' lang='lat' dir='ltr'>in</span> <span class='ocrx_word' id='word_1_26' title='bbox 499 741 582 810; x_wconf 88' lang='lat' dir='ltr'>parte</span> <span class='ocrx_word' id='word_1_27' title='bbox 608 731 734 810; x_wconf 89' lang='lat' dir='ltr'>quadam</span> <span class='ocrx_word' id='word_1_28' title='bbox 757 729 892 790; x_wconf 88' lang='lat' dir='ltr'>eiusdem</span> <span class='ocrx_word' id='word_1_29' title='bbox 920 731 999 788; x_wconf 89' lang='lat' dir='ltr'>uitae</span> <span class='ocrx_word' id='word_1_30' title='bbox 1022 729 1171 788; x_wconf 88' lang='lat' dir='ltr'>adhibitus</span> <span class='ocrx_word' id='word_1_31' title='bbox 1195 728 1231 788; x_wconf 89' lang='lat' dir='ltr'>ab</span> <span class='ocrx_word' id='word_1_32' title='bbox 1258 747 1293 788; x_wconf 91' lang='lat' dir='ltr'>eo</span> <span class='ocrx_word' id='word_1_33' title='bbox 1310 748 1370 788; x_wconf 90' lang='lat' dir='ltr'>non</span> 
     </span>
     <span class='ocr_line' id='line_1_5' title="bbox 218 825 1370 909; baseline -0.005 -19"><span class='ocrx_word' id='word_1_34' title='bbox 218 839 263 890; x_wconf 90' lang='lat' dir='ltr'>est</span> <span class='ocrx_word' id='word_1_35' title='bbox 289 827 837 909; x_wconf 70' lang='lat' dir='ltr'>(mesrrrpcanprusq.148),</span> <span class='ocrx_word' id='word_1_36' title='bbox 858 827 964 906; x_wconf 88' lang='lat' dir='ltr'>quodsi</span> <span class='ocrx_word' id='word_1_37' title='bbox 987 827 1062 884; x_wconf 92' lang='lat' dir='ltr'>hanc</span> <span class='ocrx_word' id='word_1_38' title='bbox 1088 834 1200 904; x_wconf 87' lang='lat' dir='ltr'>partem</span> <span class='ocrx_word' id='word_1_39' title='bbox 1222 825 1277 886; x_wconf 90' lang='lat' dir='ltr'>sub</span> <span class='ocrx_word' id='word_1_40' title='bbox 1296 826 1370 886; x_wconf 92' lang='lat' dir='ltr'>Con·</span> 
     </span>
     <span class='ocr_line' id='line_1_6' title="bbox 218 923 1370 1002; baseline -0.003 -14"><span class='ocrx_word' id='word_1_41' title='bbox 218 929 348 990; x_wconf 87' lang='lat' dir='ltr'>stantlno</span> <span class='ocrx_word' id='word_1_42' title='bbox 373 927 407 986; x_wconf 91' lang='lat' dir='ltr'>ah</span> <span class='ocrx_word' id='word_1_43' title='bbox 433 947 466 988; x_wconf 91' lang='lat' dir='ltr'>eo</span> <span class='ocrx_word' id='word_1_44' title='bbox 491 929 631 986; x_wconf 75' lang='lat' dir='ltr'>insertam</span> <span class='ocrx_word' id='word_1_45' title='bbox 653 945 719 986; x_wconf 88' lang='lat' dir='ltr'>esse</span> <span class='ocrx_word' id='word_1_46' title='bbox 739 935 819 986; x_wconf 89' lang='lat' dir='ltr'>recte</span> <span class='ocrx_word' id='word_1_47' title='bbox 841 925 1052 1002; x_wconf 83' lang='lat' dir='ltr'>demonstraui,</span> <span class='ocrx_word' id='word_1_48' title='bbox 1071 923 1161 984; x_wconf 88' lang='lat' dir='ltr'>Cordi</span> <span class='ocrx_word' id='word_1_49' title='bbox 1179 927 1370 1002; x_wconf 80' lang='lat' dir='ltr'><strong>mentionem,</strong></span> 
     </span>
     <span class='ocr_line' id='line_1_7' title="bbox 217 1021 1371 1106; baseline -0.003 -20"><span class='ocrx_word' id='word_1_50' title='bbox 217 1045 275 1106; x_wconf 70' lang='lat' dir='ltr'>[pua</span> <span class='ocrx_word' id='word_1_51' title='bbox 301 1031 408 1086; x_wconf 90' lang='lat' dir='ltr'>omissa</span> <span class='ocrx_word' id='word_1_52' title='bbox 432 1025 506 1084; x_wconf 83' lang='lat' dir='ltr'>nihil</span> <span class='ocrx_word' id='word_1_53' title='bbox 532 1025 731 1102; x_wconf 86' lang='lat' dir='ltr'>desideratur,</span> <span class='ocrx_word' id='word_1_54' title='bbox 758 1025 791 1082; x_wconf 93' lang='lat' dir='ltr'>in</span> <span class='ocrx_word' id='word_1_55' title='bbox 814 1025 1024 1082; x_wconf 74' lang='lat' dir='ltr'>retractatione</span> <span class='ocrx_word' id='word_1_56' title='bbox 1047 1025 1127 1082; x_wconf 91' lang='lat' dir='ltr'>uitae</span> <span class='ocrx_word' id='word_1_57' title='bbox 1153 1021 1283 1082; x_wconf 78' lang='lat' dir='ltr'>additam</span> <span class='ocrx_word' id='word_1_58' title='bbox 1304 1043 1371 1082; x_wconf 87' lang='lat' dir='ltr'>esse</span> 
     </span>
     <span class='ocr_line' id='line_1_8' title="bbox 217 1117 602 1208; baseline 0 -24"><span class='ocrx_word' id='word_1_59' title='bbox 217 1127 283 1184; x_wconf 91' lang='lat' dir='ltr'>ueri</span> <span class='ocrx_word' id='word_1_60' title='bbox 308 1123 490 1184; x_wconf 90' lang='lat' dir='ltr'>simillimum</span> <span class='ocrx_word' id='word_1_61' title='bbox 515 1117 602 1208; x_wconf 57' lang='lat' dir='ltr'>esti)</span> 
     </span>
    </p>

    <p class='ocr_par' dir='ltr' id='par_1_3' title="bbox 217 1218 1374 2186">
     <span class='ocr_line' id='line_1_9' title="bbox 310 1218 1371 1298; baseline 0 -18"><span class='ocrx_word' id='word_1_62' title='bbox 310 1221 367 1280; x_wconf 90' lang='lat' dir='ltr'>Sed</span> <span class='ocrx_word' id='word_1_63' title='bbox 400 1225 518 1282; x_wconf 90' lang='lat' dir='ltr'>omnino</span> <span class='ocrx_word' id='word_1_64' title='bbox 553 1223 627 1280; x_wconf 89' lang='lat' dir='ltr'>hanc</span> <span class='ocrx_word' id='word_1_65' title='bbox 662 1239 781 1298; x_wconf 85' lang='lat' dir='ltr'>operam</span> <span class='ocrx_word' id='word_1_66' title='bbox 813 1218 1020 1298; x_wconf 58' lang='lat' dir='ltr'>perderemus</span> <span class='ocrx_word' id='word_1_67' title='bbox 1054 1221 1080 1280; x_wconf 89' lang='lat' dir='ltr'>si</span> <span class='ocrx_word' id='word_1_68' title='bbox 1108 1221 1174 1278; x_wconf 89' lang='lat' dir='ltr'>iure</span> <span class='ocrx_word' id='word_1_69' title='bbox 1207 1219 1371 1280; x_wconf 84' lang='lat' dir='ltr'>Mommsen</span> 
     </span>
     <span class='ocr_line' id='line_1_10' title="bbox 217 1317 1372 1396; baseline -0.002 -16"><span class='ocrx_word' id='word_1_70' title='bbox 217 1321 335 1394; x_wconf 83' lang='lat' dir='ltr'>(Herm.</span> <span class='ocrx_word' id='word_1_71' title='bbox 358 1321 399 1380; x_wconf 85' lang='lat'>25</span> <span class='ocrx_word' id='word_1_72' title='bbox 418 1339 450 1396; x_wconf 87' lang='lat' dir='ltr'>p.</span> <span class='ocrx_word' id='word_1_73' title='bbox 472 1321 536 1380; x_wconf 83' lang='lat'>271</span> <span class='ocrx_word' id='word_1_74' title='bbox 553 1323 609 1394; x_wconf 81' lang='lat' dir='ltr'>sp.)</span> <span class='ocrx_word' id='word_1_75' title='bbox 638 1317 766 1378; x_wconf 86' lang='lat' dir='ltr'>Cordum</span> <span class='ocrx_word' id='word_1_76' title='bbox 799 1319 834 1377; x_wconf 91' lang='lat' dir='ltr'>ad</span> <span class='ocrx_word' id='word_1_77' title='bbox 867 1319 982 1378; x_wconf 82' lang='lat' dir='ltr'>interos</span> <span class='ocrx_word' id='word_1_78' title='bbox 1015 1319 1192 1378; x_wconf 88' lang='lat' dir='ltr'>damnasset.</span> <span class='ocrx_word' id='word_1_79' title='bbox 1231 1321 1372 1379; x_wconf 83' lang='lat' dir='ltr'>excitauit</span> 
     </span>
     <span class='ocr_line' id='line_1_11' title="bbox 218 1417 1370 1492; baseline -0.002 -14"><span class='ocrx_word' id='word_1_80' title='bbox 218 1423 318 1478; x_wconf 91' lang='lat' dir='ltr'>tamen</span> <span class='ocrx_word' id='word_1_81' title='bbox 333 1435 400 1478; x_wconf 88' lang='lat' dir='ltr'>eum</span> <span class='ocrx_word' id='word_1_82' title='bbox 415 1417 564 1488; x_wconf 71' lang='lat' dir='ltr'>lllehstnt.</span> <span class='ocrx_word' id='word_1_83' title='bbox 575 1419 673 1478; x_wconf 82' lang='lat' dir='ltr'>Rben.</span> <span class='ocrx_word' id='word_1_84' title='bbox 684 1417 728 1476; x_wconf 77' lang='lat'>47</span> <span class='ocrx_word' id='word_1_85' title='bbox 739 1435 767 1492; x_wconf 76' lang='lat' dir='ltr'>p,</span> <span class='ocrx_word' id='word_1_86' title='bbox 780 1417 821 1476; x_wconf 81' lang='lat'>21</span> <span class='ocrx_word' id='word_1_87' title='bbox 832 1435 875 1491; x_wconf 79' lang='lat' dir='ltr'>sp.</span> <span class='ocrx_word' id='word_1_88' title='bbox 889 1421 951 1478; x_wconf 76' lang='lat' dir='ltr'>uid.</span> <span class='ocrx_word' id='word_1_89' title='bbox 964 1420 1023 1476; x_wconf 81' lang='lat' dir='ltr'>Dte</span> <span class='ocrx_word' id='word_1_90' title='bbox 1038 1419 1104 1478; x_wconf 82' lang='lat' dir='ltr'>Ser.</span> <span class='ocrx_word' id='word_1_91' title='bbox 1114 1419 1141 1476; x_wconf 86' lang='lat' dir='ltr'>b.</span> <span class='ocrx_word' id='word_1_92' title='bbox 1153 1419 1228 1492; x_wconf 73' lang='lat' dir='ltr'>rip,</span> <span class='ocrx_word' id='word_1_93' title='bbox 1238 1417 1305 1476; x_wconf 78' lang='lat'>237</span> <span class='ocrx_word' id='word_1_94' title='bbox 1312 1419 1370 1492; x_wconf 78' lang='lat' dir='ltr'>sp.)</span> 
     </span>
     <span class='ocr_line' id='line_1_12' title="bbox 218 1513 1371 1594; baseline 0 -20"><span class='ocrx_word' id='word_1_95' title='bbox 218 1515 407 1594; x_wconf 86' lang='lat' dir='ltr'>reddiditque</span> <span class='ocrx_word' id='word_1_96' title='bbox 433 1517 530 1576; x_wconf 89' lang='lat' dir='ltr'>locum</span> <span class='ocrx_word' id='word_1_97' title='bbox 556 1535 640 1574; x_wconf 90' lang='lat' dir='ltr'>suum</span> <span class='ocrx_word' id='word_1_98' title='bbox 667 1517 745 1574; x_wconf 89' lang='lat' dir='ltr'>inter</span> <span class='ocrx_word' id='word_1_99' title='bbox 768 1525 905 1574; x_wconf 75' lang='lat' dir='ltr'>auctores</span> <span class='ocrx_word' id='word_1_100' title='bbox 925 1513 1081 1593; x_wconf 82' lang='lat' dir='ltr'>Capitolini</span> <span class='ocrx_word' id='word_1_101' title='bbox 1105 1515 1159 1574; x_wconf 90' lang='lat' dir='ltr'>sub</span> <span class='ocrx_word' id='word_1_102' title='bbox 1179 1513 1371 1574; x_wconf 90' lang='lat' dir='ltr'>Constantino</span> 
     </span>
     <span class='ocr_line' id='line_1_13' title="bbox 217 1613 1371 1692; baseline 0 -20"><span class='ocrx_word' id='word_1_103' title='bbox 217 1613 255 1672; x_wconf 93' lang='lat' dir='ltr'>ad</span> <span class='ocrx_word' id='word_1_104' title='bbox 283 1615 362 1674; x_wconf 91' lang='lat' dir='ltr'>uitas</span> <span class='ocrx_word' id='word_1_105' title='bbox 391 1613 564 1674; x_wconf 88' lang='lat' dir='ltr'>scribendas</span> <span class='ocrx_word' id='word_1_106' title='bbox 593 1613 758 1690; x_wconf 80' lang='lat' dir='ltr'>redeuntia,</span> <span class='ocrx_word' id='word_1_107' title='bbox 789 1617 869 1673; x_wconf 91' lang='lat' dir='ltr'>inter</span> <span class='ocrx_word' id='word_1_108' title='bbox 896 1631 971 1692; x_wconf 87' lang='lat' dir='ltr'>quos</span> <span class='ocrx_word' id='word_1_109' title='bbox 998 1614 1051 1690; x_wconf 88' lang='lat' dir='ltr'>qui</span> <span class='ocrx_word' id='word_1_110' title='bbox 1078 1613 1215 1690; x_wconf 85' lang='lat' dir='ltr'>primarii</span> <span class='ocrx_word' id='word_1_111' title='bbox 1242 1613 1371 1691; x_wconf 86' lang='lat' dir='ltr'>luerunt,</span> 
     </span>
     <span class='ocr_line' id='line_1_14' title="bbox 217 1709 1371 1790; baseline -0.002 -18"><span class='ocrx_word' id='word_1_112' title='bbox 217 1709 332 1772; x_wconf 85' lang='lat' dir='ltr'>eisdem</span> <span class='ocrx_word' id='word_1_113' title='bbox 356 1711 539 1790; x_wconf 82' lang='lat' dir='ltr'>temporibus</span> <span class='ocrx_word' id='word_1_114' title='bbox 563 1713 676 1772; x_wconf 91' lang='lat' dir='ltr'>uixisse</span> <span class='ocrx_word' id='word_1_115' title='bbox 703 1711 855 1772; x_wconf 86' lang='lat' dir='ltr'>uidentur.</span> <span class='ocrx_word' id='word_1_116' title='bbox 891 1713 1001 1790; x_wconf 81' lang='lat' dir='ltr'>quippe</span> <span class='ocrx_word' id='word_1_117' title='bbox 1025 1709 1192 1772; x_wconf 87' lang='lat' dir='ltr'>Herodiano</span> <span class='ocrx_word' id='word_1_118' title='bbox 1216 1711 1303 1790; x_wconf 89' lang='lat' dir='ltr'>paulo</span> <span class='ocrx_word' id='word_1_119' title='bbox 1326 1715 1371 1770; x_wconf 89' lang='lat' dir='ltr'>in·</span> 
     </span>
     <span class='ocr_line' id='line_1_15' title="bbox 219 1803 1373 1892; baseline 0 -24"><span class='ocrx_word' id='word_1_120' title='bbox 219 1809 312 1868; x_wconf 87' lang='lat' dir='ltr'>lerior</span> <span class='ocrx_word' id='word_1_121' title='bbox 334 1807 448 1870; x_wconf 87' lang='lat' dir='ltr'>Cordus</span> <span class='ocrx_word' id='word_1_122' title='bbox 478 1811 533 1868; x_wconf 92' lang='lat' dir='ltr'>luit</span> <span class='ocrx_word' id='word_1_123' title='bbox 562 1817 590 1868; x_wconf 92' lang='lat' dir='ltr'>et</span> <span class='ocrx_word' id='word_1_124' title='bbox 619 1817 650 1868; x_wconf 93' lang='lat' dir='ltr'>ut</span> <span class='ocrx_word' id='word_1_125' title='bbox 680 1809 729 1870; x_wconf 92' lang='lat' dir='ltr'>ille</span> <span class='ocrx_word' id='word_1_126' title='bbox 752 1813 784 1868; x_wconf 92' lang='lat' dir='ltr'>in</span> <span class='ocrx_word' id='word_1_127' title='bbox 808 1811 933 1870; x_wconf 83' lang='lat' dir='ltr'>lllaximo</span> <span class='ocrx_word' id='word_1_128' title='bbox 957 1818 988 1868; x_wconf 87' lang='lat' dir='ltr'>et</span> <span class='ocrx_word' id='word_1_129' title='bbox 1009 1809 1132 1868; x_wconf 75' lang='lat' dir='ltr'>balbino</span> <span class='ocrx_word' id='word_1_130' title='bbox 1159 1803 1197 1892; x_wconf 81' lang='lat' dir='ltr'>(a.</span> <span class='ocrx_word' id='word_1_131' title='bbox 1218 1804 1308 1892; x_wconf 74' lang='lat'>238),</span> <span class='ocrx_word' id='word_1_132' title='bbox 1332 1812 1373 1868; x_wconf 90' lang='lat' dir='ltr'>ita</span> 
     </span>
     <span class='ocr_line' id='line_1_16' title="bbox 218 1901 1372 1992; baseline 0.001 -26"><span class='ocrx_word' id='word_1_133' title='bbox 218 1909 282 1984; x_wconf 89' lang='lat' dir='ltr'>ipse</span> <span class='ocrx_word' id='word_1_134' title='bbox 308 1909 337 1966; x_wconf 91' lang='lat' dir='ltr'>in</span> <span class='ocrx_word' id='word_1_135' title='bbox 364 1906 509 1968; x_wconf 88' lang='lat' dir='ltr'>Gordiano</span> <span class='ocrx_word' id='word_1_136' title='bbox 535 1911 623 1968; x_wconf 89' lang='lat' dir='ltr'>tertie</span> <span class='ocrx_word' id='word_1_137' title='bbox 647 1901 687 1990; x_wconf 82' lang='lat' dir='ltr'>(a.</span> <span class='ocrx_word' id='word_1_138' title='bbox 707 1901 788 1992; x_wconf 71' lang='lat'>244)</span> <span class='ocrx_word' id='word_1_139' title='bbox 814 1907 909 1986; x_wconf 88' lang='lat' dir='ltr'>desiit,</span> <span class='ocrx_word' id='word_1_140' title='bbox 933 1916 966 1968; x_wconf 94' lang='lat' dir='ltr'>ut</span> <span class='ocrx_word' id='word_1_141' title='bbox 990 1907 1094 1968; x_wconf 87' lang='lat' dir='ltr'>eadem</span> <span class='ocrx_word' id='word_1_142' title='bbox 1117 1911 1191 1966; x_wconf 87' lang='lat' dir='ltr'>ratio</span> <span class='ocrx_word' id='word_1_143' title='bbox 1216 1911 1297 1967; x_wconf 90' lang='lat' dir='ltr'>inter</span> <span class='ocrx_word' id='word_1_144' title='bbox 1316 1907 1372 1968; x_wconf 93' lang='lat' dir='ltr'>hos</span> 
     </span>
     <span class='ocr_line' id='line_1_17' title="bbox 218 2005 1374 2084; baseline 0 -18"><span class='ocrx_word' id='word_1_145' title='bbox 218 2009 436 2084; x_wconf 83' lang='lat' dir='ltr'>intercesserit,</span> <span class='ocrx_word' id='word_1_146' title='bbox 458 2025 533 2084; x_wconf 86' lang='lat' dir='ltr'>quae</span> <span class='ocrx_word' id='word_1_147' title='bbox 558 2009 636 2066; x_wconf 90' lang='lat' dir='ltr'>inter</span> <span class='ocrx_word' id='word_1_148' title='bbox 654 2007 777 2066; x_wconf 84' lang='lat' dir='ltr'>Dionem</span> <span class='ocrx_word' id='word_1_149' title='bbox 803 2016 832 2066; x_wconf 91' lang='lat' dir='ltr'>et</span> <span class='ocrx_word' id='word_1_150' title='bbox 850 2007 976 2066; x_wconf 86' lang='lat' dir='ltr'>Marium</span> <span class='ocrx_word' id='word_1_151' title='bbox 994 2005 1163 2066; x_wconf 83' lang='lat' dir='ltr'>Maximum.</span> <span class='ocrx_word' id='word_1_152' title='bbox 1191 2005 1269 2066; x_wconf 89' lang='lat' dir='ltr'>uidit</span> <span class='ocrx_word' id='word_1_153' title='bbox 1294 2009 1374 2066; x_wconf 88' lang='lat' dir='ltr'>euim</span> 
     </span>
     <span class='ocr_line' id='line_1_18' title="bbox 218 2099 888 2186; baseline -0.004 -20"><span class='ocrx_word' id='word_1_154' title='bbox 218 2111 330 2166; x_wconf 88' lang='lat' dir='ltr'>mortes</span> <span class='ocrx_word' id='word_1_155' title='bbox 354 2103 559 2182; x_wconf 86' lang='lat' dir='ltr'>Philipporum</span> <span class='ocrx_word' id='word_1_156' title='bbox 582 2105 635 2180; x_wconf 83' lang='lat' dir='ltr'>(fr.</span> <span class='ocrx_word' id='word_1_157' title='bbox 651 2105 707 2180; x_wconf 73' lang='lat'>24)</span> <span class='ocrx_word' id='word_1_158' title='bbox 739 2123 761 2164; x_wconf 89' lang='lat' dir='ltr'>a.</span> <span class='ocrx_word' id='word_1_159' title='bbox 782 2099 888 2186; x_wconf 58' lang='grc'><strong>24112)</strong></span> 
     </span>
    </p>

    <p class='ocr_par' dir='ltr' id='par_1_4' title="bbox 183 2201 1407 3659">
     <span class='ocr_line' id='line_1_19' title="bbox 311 2201 1407 2263; baseline 0.002 -3"><span class='ocrx_word' id='word_1_160' title='bbox 311 2201 475 2262; x_wconf 77' lang='lat' dir='ltr'>Consilium</span> <span class='ocrx_word' id='word_1_161' title='bbox 503 2209 601 2262; x_wconf 91' lang='lat' dir='ltr'>autem</span> <span class='ocrx_word' id='word_1_162' title='bbox 631 2201 718 2262; x_wconf 90' lang='lat' dir='ltr'>Cordi</span> <span class='ocrx_word' id='word_1_163' title='bbox 747 2205 777 2262; x_wconf 92' lang='lat' dir='ltr'>in</span> <span class='ocrx_word' id='word_1_164' title='bbox 808 2221 840 2262; x_wconf 88' lang='lat' dir='ltr'>ea</span> <span class='ocrx_word' id='word_1_165' title='bbox 869 2219 900 2262; x_wconf 89' lang='lat' dir='ltr'>re</span> <span class='ocrx_word' id='word_1_166' title='bbox 931 2221 999 2262; x_wconf 87' lang='lat' dir='ltr'>eum</span> <span class='ocrx_word' id='word_1_167' title='bbox 1025 2201 1119 2262; x_wconf 88' lang='lat' dir='ltr'>Mario</span> <span class='ocrx_word' id='word_1_168' title='bbox 1145 2203 1272 2263; x_wconf 85' lang='lat' dir='ltr'>Maximo</span> <span class='ocrx_word' id='word_1_169' title='bbox 1304 2220 1373 2262; x_wconf 90' lang='lat' dir='ltr'>con·</span> <span class='ocrx_word' id='word_1_170' title='bbox 1404 2231 1407 2237; x_wconf 93' lang='lat'>·</span> 
     </span>
     <span class='ocr_line' id='line_1_20' title="bbox 218 2299 1373 2378; baseline 0 -18"><span class='ocrx_word' id='word_1_171' title='bbox 218 2299 376 2378; x_wconf 85' lang='lat' dir='ltr'>sentiebat,</span> <span class='ocrx_word' id='word_1_172' title='bbox 400 2299 479 2378; x_wconf 86' lang='lat' dir='ltr'>quod</span> <span class='ocrx_word' id='word_1_173' title='bbox 504 2303 612 2360; x_wconf 88' lang='lat' dir='ltr'>seriem</span> <span class='ocrx_word' id='word_1_174' title='bbox 636 2301 783 2378; x_wconf 85' lang='lat' dir='ltr'>quandam</span> <span class='ocrx_word' id='word_1_175' title='bbox 811 2303 981 2378; x_wconf 79' lang='lat' dir='ltr'>principum</span> <span class='ocrx_word' id='word_1_176' title='bbox 1003 2319 1094 2378; x_wconf 86' lang='lat' dir='ltr'>opere</span> <span class='ocrx_word' id='word_1_177' title='bbox 1118 2320 1172 2360; x_wconf 92' lang='lat' dir='ltr'>suo</span> <span class='ocrx_word' id='word_1_178' title='bbox 1195 2302 1373 2378; x_wconf 87' lang='lat' dir='ltr'>complecte-</span> 
     </span>
     <span class='ocr_line' id='line_1_21' title="bbox 219 2399 1374 2480; baseline 0 -22"><span class='ocrx_word' id='word_1_179' title='bbox 219 2399 320 2477; x_wconf 80' lang='lat' dir='ltr'>batur,</span> <span class='ocrx_word' id='word_1_180' title='bbox 348 2417 407 2456; x_wconf 95' lang='lat' dir='ltr'>non</span> <span class='ocrx_word' id='word_1_181' title='bbox 436 2417 546 2477; x_wconf 86' lang='lat' dir='ltr'>paucos</span> <span class='ocrx_word' id='word_1_182' title='bbox 574 2399 717 2477; x_wconf 88' lang='lat' dir='ltr'>quosdam</span> <span class='ocrx_word' id='word_1_183' title='bbox 747 2399 910 2458; x_wconf 88' lang='lat' dir='ltr'>aulicorum</span> <span class='ocrx_word' id='word_1_184' title='bbox 937 2401 1065 2480; x_wconf 70' lang='lat' dir='ltr'>ratione,</span> <span class='ocrx_word' id='word_1_185' title='bbox 1095 2399 1262 2478; x_wconf 83' lang='lat' dir='ltr'>differebat,</span> <span class='ocrx_word' id='word_1_186' title='bbox 1294 2399 1374 2479; x_wconf 89' lang='lat' dir='ltr'>quod</span> 
     </span>
     <span class='ocr_line' id='line_1_22' title="bbox 218 2496 1373 2577; baseline 0.002 -20"><span class='ocrx_word' id='word_1_187' title='bbox 218 2496 304 2557; x_wconf 91' lang='lat' dir='ltr'>illum</span> <span class='ocrx_word' id='word_1_188' title='bbox 327 2516 387 2555; x_wconf 93' lang='lat' dir='ltr'>non</span> <span class='ocrx_word' id='word_1_189' title='bbox 409 2516 506 2577; x_wconf 89' lang='lat' dir='ltr'>usque</span> <span class='ocrx_word' id='word_1_190' title='bbox 530 2498 567 2557; x_wconf 86' lang='lat' dir='ltr'>ad</span> <span class='ocrx_word' id='word_1_191' title='bbox 590 2516 675 2559; x_wconf 91' lang='lat' dir='ltr'>suam</span> <span class='ocrx_word' id='word_1_192' title='bbox 699 2506 824 2559; x_wconf 89' lang='lat' dir='ltr'>aetatem</span> <span class='ocrx_word' id='word_1_193' title='bbox 843 2498 1043 2577; x_wconf 88' lang='lat' dir='ltr'>continuabat,</span> <span class='ocrx_word' id='word_1_194' title='bbox 1067 2500 1280 2577; x_wconf 86' lang='lat' dir='ltr'>sedquoniam</span> <span class='ocrx_word' id='word_1_195' title='bbox 1299 2508 1373 2559; x_wconf 88' lang='lat' dir='ltr'>tern-</span> 
     </span>
     <span class='ocr_line' id='line_1_23' title="bbox 219 2596 1374 2675; baseline 0.002 -20"><span class='ocrx_word' id='word_1_196' title='bbox 219 2598 302 2675; x_wconf 89' lang='lat' dir='ltr'>poris</span> <span class='ocrx_word' id='word_1_197' title='bbox 331 2598 459 2675; x_wconf 86' lang='lat' dir='ltr'>spatium</span> <span class='ocrx_word' id='word_1_198' title='bbox 488 2596 611 2655; x_wconf 89' lang='lat' dir='ltr'>breuius</span> <span class='ocrx_word' id='word_1_199' title='bbox 640 2604 703 2655; x_wconf 88' lang='lat' dir='ltr'>erat</span> <span class='ocrx_word' id='word_1_200' title='bbox 732 2614 821 2673; x_wconf 87' lang='lat' dir='ltr'>quarn</span> <span class='ocrx_word' id='word_1_201' title='bbox 847 2605 881 2655; x_wconf 91' lang='lat' dir='ltr'>ut</span> <span class='ocrx_word' id='word_1_202' title='bbox 912 2596 997 2655; x_wconf 90' lang='lat' dir='ltr'>illum</span> <span class='ocrx_word' id='word_1_203' title='bbox 1027 2596 1213 2657; x_wconf 90' lang='lat' dir='ltr'>uoluminum</span> <span class='ocrx_word' id='word_1_204' title='bbox 1247 2616 1374 2657; x_wconf 89' lang='lat' dir='ltr'>numero</span> 
     </span>
     <span class='ocr_line' id='line_1_24' title="bbox 220 2694 1374 2773; baseline 0.002 -20"><span class='ocrx_word' id='word_1_205' title='bbox 220 2700 371 2773; x_wconf 86' lang='lat' dir='ltr'>aequaret,</span> <span class='ocrx_word' id='word_1_206' title='bbox 394 2712 461 2753; x_wconf 89' lang='lat' dir='ltr'>cum</span> <span class='ocrx_word' id='word_1_207' title='bbox 481 2694 590 2755; x_wconf 82' lang='lat' dir='ltr'>illarius</span> <span class='ocrx_word' id='word_1_208' title='bbox 611 2694 755 2753; x_wconf 89' lang='lat' dir='ltr'>lllaximus</span> <span class='ocrx_word' id='word_1_209' title='bbox 778 2696 973 2771; x_wconf 86' lang='lat' dir='ltr'>imperatores</span> <span class='ocrx_word' id='word_1_210' title='bbox 997 2703 1113 2755; x_wconf 86' lang='lat' dir='ltr'>tanturn</span> <span class='ocrx_word' id='word_1_211' title='bbox 1133 2696 1263 2773; x_wconf 87' lang='lat' dir='ltr'>propriis</span> <span class='ocrx_word' id='word_1_212' title='bbox 1287 2694 1374 2755; x_wconf 88' lang='lat' dir='ltr'>libris</span> 
     </span>
     <span class='ocr_line' id='line_1_25' title="bbox 220 2790 1374 2871; baseline 0.002 -20"><span class='ocrx_word' id='word_1_213' title='bbox 220 2794 405 2871; x_wconf 71' lang='lat' dir='ltr'>intonuisset,</span> <span class='ocrx_word' id='word_1_214' title='bbox 430 2794 495 2871; x_wconf 84' lang='lat' dir='ltr'>ipse</span> <span class='ocrx_word' id='word_1_215' title='bbox 519 2810 631 2869; x_wconf 88' lang='lat' dir='ltr'>eorum,</span> <span class='ocrx_word' id='word_1_216' title='bbox 655 2794 713 2871; x_wconf 81' lang='lat' dir='ltr'>qui,</span> <span class='ocrx_word' id='word_1_217' title='bbox 738 2800 771 2853; x_wconf 89' lang='lat' dir='ltr'>ut</span> <span class='ocrx_word' id='word_1_218' title='bbox 796 2796 836 2853; x_wconf 88' lang='lat' dir='ltr'>ait</span> <span class='ocrx_word' id='word_1_219' title='bbox 859 2794 1032 2871; x_wconf 87' lang='lat' dir='ltr'>Spartianus</span> <span class='ocrx_word' id='word_1_220' title='bbox 1055 2796 1086 2853; x_wconf 92' lang='lat' dir='ltr'>in</span> <span class='ocrx_word' id='word_1_221' title='bbox 1110 2795 1173 2853; x_wconf 90' lang='lat' dir='ltr'>uita</span> <span class='ocrx_word' id='word_1_222' title='bbox 1194 2791 1270 2853; x_wconf 82' lang='lat' dir='ltr'>delii</span> <span class='ocrx_word' id='word_1_223' title='bbox 1296 2790 1374 2871; x_wconf 86' lang='lat'>1,1,</span> 
     </span>
     <span class='ocr_line' id='line_1_26' title="bbox 220 2886 1375 2969; baseline 0 -20"><span class='ocrx_word' id='word_1_224' title='bbox 220 2886 282 2949; x_wconf 67' lang='lat' dir='ltr'>‘uel</span> <span class='ocrx_word' id='word_1_225' title='bbox 313 2888 469 2951; x_wconf 87' lang='lat' dir='ltr'>Caesarum</span> <span class='ocrx_word' id='word_1_226' title='bbox 499 2892 618 2951; x_wconf 92' lang='lat' dir='ltr'>nomine</span> <span class='ocrx_word' id='word_1_227' title='bbox 646 2890 783 2969; x_wconf 89' lang='lat' dir='ltr'>appellati</span> <span class='ocrx_word' id='word_1_228' title='bbox 813 2899 882 2951; x_wconf 91' lang='lat' dir='ltr'>sunt</span> <span class='ocrx_word' id='word_1_229' title='bbox 908 2910 963 2951; x_wconf 87' lang='lat' dir='ltr'>nec</span> <span class='ocrx_word' id='word_1_230' title='bbox 992 2893 1143 2969; x_wconf 84' lang='lat' dir='ltr'>principes</span> <span class='ocrx_word' id='word_1_231' title='bbox 1172 2899 1222 2951; x_wconf 91' lang='lat' dir='ltr'>aut</span> <span class='ocrx_word' id='word_1_232' title='bbox 1249 2891 1375 2969; x_wconf 78' lang='lat' dir='ltr'>Augusti</span> 
     </span>
     <span class='ocr_line' id='line_1_27' title="bbox 221 2988 1374 3069; baseline 0.003 -23"><span class='ocrx_word' id='word_1_233' title='bbox 221 2988 342 3049; x_wconf 86' lang='lat' dir='ltr'>fuerunt</span> <span class='ocrx_word' id='word_1_234' title='bbox 367 2988 414 3047; x_wconf 92' lang='lat' dir='ltr'>uel</span> <span class='ocrx_word' id='word_1_235' title='bbox 441 2988 572 3067; x_wconf 86' lang='lat' dir='ltr'>quolibet</span> <span class='ocrx_word' id='word_1_236' title='bbox 594 2990 650 3049; x_wconf 90' lang='lat' dir='ltr'>alio</span> <span class='ocrx_word' id='word_1_237' title='bbox 676 3008 783 3067; x_wconf 83' lang='lat' dir='ltr'>genere</span> <span class='ocrx_word' id='word_1_238' title='bbox 810 2992 913 3051; x_wconf 87' lang='lat' dir='ltr'>autin</span> <span class='ocrx_word' id='word_1_239' title='bbox 937 2990 1045 3049; x_wconf 86' lang='lat' dir='ltr'>lamam</span> <span class='ocrx_word' id='word_1_240' title='bbox 1064 2990 1164 3049; x_wconf 90' lang='lat' dir='ltr'>autin</span> <span class='ocrx_word' id='word_1_241' title='bbox 1184 3008 1268 3069; x_wconf 88' lang='lat' dir='ltr'>spem</span> <span class='ocrx_word' id='word_1_242' title='bbox 1292 2992 1374 3069; x_wconf 85' lang='lat' dir='ltr'>prin·</span> 
     </span>
     <span class='ocr_line' id='line_1_28' title="bbox 219 3084 1374 3167; baseline 0.002 -22"><span class='ocrx_word' id='word_1_243' title='bbox 219 3088 336 3165; x_wconf 89' lang='lat' dir='ltr'>cipatus</span> <span class='ocrx_word' id='word_1_244' title='bbox 369 3084 538 3165; x_wconf 83' lang='lat' dir='ltr'>uenerunt&#39;,</span> <span class='ocrx_word' id='word_1_245' title='bbox 573 3090 748 3147; x_wconf 89' lang='lat' dir='ltr'>memoriam</span> <span class='ocrx_word' id='word_1_246' title='bbox 777 3090 908 3167; x_wconf 89' lang='lat' dir='ltr'>propriis</span> <span class='ocrx_word' id='word_1_247' title='bbox 945 3087 1031 3147; x_wconf 89' lang='lat' dir='ltr'>libris</span> <span class='ocrx_word' id='word_1_248' title='bbox 1064 3088 1287 3167; x_wconf 81' lang='lat' dir='ltr'>redintegrauit.</span> <span class='ocrx_word' id='word_1_249' title='bbox 1329 3090 1374 3147; x_wconf 89' lang='lat' dir='ltr'>sic</span> 
     </span>
     <span class='ocr_line' id='line_1_29' title="bbox 222 3184 1374 3265; baseline 0.002 -22"><span class='ocrx_word' id='word_1_250' title='bbox 222 3186 302 3243; x_wconf 92' lang='lat' dir='ltr'>enim</span> <span class='ocrx_word' id='word_1_251' title='bbox 337 3184 542 3263; x_wconf 89' lang='lat' dir='ltr'>explicandum</span> <span class='ocrx_word' id='word_1_252' title='bbox 576 3192 633 3265; x_wconf 92' lang='lat' dir='ltr'>est,</span> <span class='ocrx_word' id='word_1_253' title='bbox 667 3186 745 3265; x_wconf 91' lang='lat' dir='ltr'>quod</span> <span class='ocrx_word' id='word_1_254' title='bbox 776 3184 960 3265; x_wconf 88' lang='lat' dir='ltr'>Capitolinus</span> <span class='ocrx_word' id='word_1_255' title='bbox 992 3188 1023 3247; x_wconf 92' lang='lat' dir='ltr'>in</span> <span class='ocrx_word' id='word_1_256' title='bbox 1055 3188 1118 3245; x_wconf 92' lang='lat' dir='ltr'>uita</span> <span class='ocrx_word' id='word_1_257' title='bbox 1144 3186 1236 3265; x_wconf 84' lang='lat' dir='ltr'>Opilii</span> <span class='ocrx_word' id='word_1_258' title='bbox 1259 3186 1317 3263; x_wconf 74' lang='lat' dir='ltr'>(fr.</span> <span class='ocrx_word' id='word_1_259' title='bbox 1337 3188 1374 3261; x_wconf 85' lang='lat'>1)</span> 
     </span>
     <span class='ocr_line' id='line_1_30' title="bbox 183 3280 1374 3363; baseline 0.003 -22"><span class='ocrx_word' id='word_1_260' title='bbox 183 3308 185 3313; x_wconf 33' lang='lat' dir='ltr'>v</span> <span class='ocrx_word' id='word_1_261' title='bbox 222 3282 318 3343; x_wconf 91' lang='lat' dir='ltr'>Cordo</span> <span class='ocrx_word' id='word_1_262' title='bbox 343 3282 473 3343; x_wconf 88' lang='lat' dir='ltr'>studium</span> <span class='ocrx_word' id='word_1_263' title='bbox 499 3284 590 3345; x_wconf 86' lang='lat' dir='ltr'>fuisse</span> <span class='ocrx_word' id='word_1_264' title='bbox 616 3282 690 3345; x_wconf 80' lang='lat' dir='ltr'>dixit</span> <span class='ocrx_word' id='word_1_265' title='bbox 708 3280 824 3345; x_wconf 69' lang='lat' dir='ltr'>teorum</span> <span class='ocrx_word' id='word_1_266' title='bbox 847 3287 1062 3363; x_wconf 89' lang='lat' dir='ltr'>imperatorum</span> <span class='ocrx_word' id='word_1_267' title='bbox 1078 3286 1155 3345; x_wconf 88' lang='lat' dir='ltr'>uitas</span> <span class='ocrx_word' id='word_1_268' title='bbox 1177 3282 1273 3362; x_wconf 90' lang='lat' dir='ltr'>edere,</span> <span class='ocrx_word' id='word_1_269' title='bbox 1300 3304 1374 3363; x_wconf 89' lang='lat' dir='ltr'>quos</span> 
     </span>
     <span class='ocr_line' id='line_1_31' title="bbox 222 3378 1374 3461; baseline 0.002 -20"><span class='ocrx_word' id='word_1_270' title='bbox 222 3378 410 3441; x_wconf 82' lang='lat' dir='ltr'>obscuriores</span> <span class='ocrx_word' id='word_1_271' title='bbox 443 3380 581 3441; x_wconf 88' lang='lat' dir='ltr'>uideret&#39;.</span> <span class='ocrx_word' id='word_1_272' title='bbox 625 3402 682 3459; x_wconf 88' lang='lat' dir='ltr'>quo</span> <span class='ocrx_word' id='word_1_273' title='bbox 715 3382 813 3443; x_wconf 92' lang='lat' dir='ltr'>studio</span> <span class='ocrx_word' id='word_1_274' title='bbox 844 3382 924 3443; x_wconf 88' lang='lat' dir='ltr'>unde</span> <span class='ocrx_word' id='word_1_275' title='bbox 957 3402 1080 3443; x_wconf 90' lang='lat' dir='ltr'>exorsus</span> <span class='ocrx_word' id='word_1_276' title='bbox 1114 3384 1164 3461; x_wconf 90' lang='lat' dir='ltr'>sit,</span> <span class='ocrx_word' id='word_1_277' title='bbox 1194 3402 1374 3461; x_wconf 87' lang='lat' dir='ltr'>quamquam</span> 
     </span>
     <span class='ocr_line' id='line_1_32' title="bbox 221 3480 1373 3560; baseline 0.005 -23"><span class='ocrx_word' id='word_1_278' title='bbox 221 3480 383 3557; x_wconf 85' lang='lat' dir='ltr'>nescimus,</span> <span class='ocrx_word' id='word_1_279' title='bbox 406 3486 515 3557; x_wconf 90' lang='lat' dir='ltr'>tamen,</span> <span class='ocrx_word' id='word_1_280' title='bbox 541 3480 568 3539; x_wconf 95' lang='lat' dir='ltr'>si</span> <span class='ocrx_word' id='word_1_281' title='bbox 590 3486 706 3539; x_wconf 88' lang='lat' dir='ltr'>certum</span> <span class='ocrx_word' id='word_1_282' title='bbox 730 3480 888 3541; x_wconf 88' lang='lat' dir='ltr'>eonsilium</span> <span class='ocrx_word' id='word_1_283' title='bbox 916 3480 973 3541; x_wconf 88' lang='lat' dir='ltr'>sihi</span> <span class='ocrx_word' id='word_1_284' title='bbox 997 3482 1159 3560; x_wconf 84' lang='lat' dir='ltr'>proposuit,</span> <span class='ocrx_word' id='word_1_285' title='bbox 1186 3485 1271 3559; x_wconf 74' lang='lat' dir='ltr'>quasi</span> <span class='ocrx_word' id='word_1_286' title='bbox 1294 3482 1373 3543; x_wconf 82' lang='lat' dir='ltr'>lacu-</span> 
     </span>
     <span class='ocr_line' id='line_1_33' title="bbox 221 3576 1374 3659; baseline 0.005 -26"><span class='ocrx_word' id='word_1_287' title='bbox 221 3594 275 3635; x_wconf 90' lang='lat' dir='ltr'>nas</span> <span class='ocrx_word' id='word_1_288' title='bbox 293 3576 413 3635; x_wconf 82' lang='lat' dir='ltr'>Maximi</span> <span class='ocrx_word' id='word_1_289' title='bbox 439 3594 506 3635; x_wconf 91' lang='lat' dir='ltr'>eum</span> <span class='ocrx_word' id='word_1_290' title='bbox 530 3576 664 3655; x_wconf 86' lang='lat' dir='ltr'>explesse</span> <span class='ocrx_word' id='word_1_291' title='bbox 691 3584 718 3639; x_wconf 88' lang='lat' dir='ltr'>et</span> <span class='ocrx_word' id='word_1_292' title='bbox 743 3598 811 3639; x_wconf 88' lang='lat' dir='ltr'>oum</span> <span class='ocrx_word' id='word_1_293' title='bbox 833 3579 915 3638; x_wconf 80' lang='lat' dir='ltr'>delio</span> <span class='ocrx_word' id='word_1_294' title='bbox 935 3578 1011 3639; x_wconf 88' lang='lat' dir='ltr'>Vero</span> <span class='ocrx_word' id='word_1_295' title='bbox 1033 3581 1152 3639; x_wconf 88' lang='lat' dir='ltr'>initium</span> <span class='ocrx_word' id='word_1_296' title='bbox 1176 3580 1282 3639; x_wconf 86' lang='lat' dir='ltr'>iecisse</span> <span class='ocrx_word' id='word_1_297' title='bbox 1306 3600 1374 3659; x_wconf 88' lang='lat' dir='ltr'>pro·</span> 
     </span>
    </p>
   </div>
   <div class='ocr_carea' id='block_1_3' title="bbox 222 3798 1376 4437">
    <p class='ocr_par' dir='ltr' id='par_1_5' title="bbox 222 3798 1375 4179">
     <span class='ocr_line' id='line_1_34' title="bbox 314 3798 1375 3873; baseline 0.005 -21"><span class='ocrx_word' id='word_1_298' title='bbox 314 3802 339 3867; x_wconf 86' lang='lat'>1)</span> <span class='ocrx_word' id='word_1_299' title='bbox 358 3798 440 3863; x_wconf 74' lang='lat' dir='ltr'>Quod</span> <span class='ocrx_word' id='word_1_300' title='bbox 456 3802 485 3855; x_wconf 88' lang='lat' dir='ltr'>O.</span> <span class='ocrx_word' id='word_1_301' title='bbox 499 3802 596 3855; x_wconf 76' lang='lat' dir='ltr'>Sohulx</span> <span class='ocrx_word' id='word_1_302' title='bbox 612 3804 767 3873; x_wconf 75' lang='lat' dir='ltr'>(Bettruepe</span> <span class='ocrx_word' id='word_1_303' title='bbox 779 3822 807 3871; x_wconf 86' lang='lat' dir='ltr'>p.</span> <span class='ocrx_word' id='word_1_304' title='bbox 821 3804 882 3873; x_wconf 77' lang='lat'>129)</span> <span class='ocrx_word' id='word_1_305' title='bbox 896 3802 1017 3857; x_wconf 88' lang='lat' dir='ltr'>Cordum</span> <span class='ocrx_word' id='word_1_306' title='bbox 1029 3804 1062 3857; x_wconf 89' lang='lat' dir='ltr'>in</span> <span class='ocrx_word' id='word_1_307' title='bbox 1075 3804 1185 3857; x_wconf 84' lang='lat' dir='ltr'>duabus</span> <span class='ocrx_word' id='word_1_308' title='bbox 1198 3804 1266 3859; x_wconf 79' lang='lat' dir='ltr'>uitis</span> <span class='ocrx_word' id='word_1_309' title='bbox 1281 3804 1375 3859; x_wconf 83' lang='lat' dir='ltr'>Clodii</span> 
     </span>
     <span class='ocr_line' id='line_1_35' title="bbox 222 3880 1375 3952; baseline 0.005 -19"><span class='ocrx_word' id='word_1_310' title='bbox 222 3882 252 3933; x_wconf 83' lang='lat' dir='ltr'>et</span> <span class='ocrx_word' id='word_1_311' title='bbox 271 3880 359 3947; x_wconf 84' lang='lat' dir='ltr'>Opilii</span> <span class='ocrx_word' id='word_1_312' title='bbox 380 3882 413 3933; x_wconf 89' lang='lat' dir='ltr'>ab</span> <span class='ocrx_word' id='word_1_313' title='bbox 435 3898 474 3947; x_wconf 81' lang='lat' dir='ltr'>eo,</span> <span class='ocrx_word' id='word_1_314' title='bbox 496 3882 544 3951; x_wconf 88' lang='lat' dir='ltr'>qui</span> <span class='ocrx_word' id='word_1_315' title='bbox 563 3882 712 3937; x_wconf 82' lang='lat' dir='ltr'>historiam</span> <span class='ocrx_word' id='word_1_316' title='bbox 730 3885 888 3951; x_wconf 76' lang='lat' dir='ltr'>Augustam</span> <span class='ocrx_word' id='word_1_317' title='bbox 904 3882 937 3937; x_wconf 85' lang='lat' dir='ltr'>in</span> <span class='ocrx_word' id='word_1_318' title='bbox 958 3900 1021 3937; x_wconf 84' lang='lat' dir='ltr'>eam</span> <span class='ocrx_word' id='word_1_319' title='bbox 1037 3884 1170 3952; x_wconf 86' lang='lat' dir='ltr'>formam,</span> <span class='ocrx_word' id='word_1_320' title='bbox 1195 3904 1280 3952; x_wconf 82' lang='lat' dir='ltr'>quam</span> <span class='ocrx_word' id='word_1_321' title='bbox 1300 3903 1375 3939; x_wconf 86' lang='lat' dir='ltr'>nunc</span> 
     </span>
     <span class='ocr_line' id='line_1_36' title="bbox 222 3960 1375 4035; baseline 0.005 -22"><span class='ocrx_word' id='word_1_322' title='bbox 222 3960 371 4025; x_wconf 81' lang='lat' dir='ltr'>habemus,</span> <span class='ocrx_word' id='word_1_323' title='bbox 398 3966 491 4015; x_wconf 81' lang='lat' dir='ltr'>aetate</span> <span class='ocrx_word' id='word_1_324' title='bbox 512 3962 707 4017; x_wconf 81' lang='lat' dir='ltr'>Theodosiana</span> <span class='ocrx_word' id='word_1_325' title='bbox 730 3964 853 4033; x_wconf 84' lang='lat' dir='ltr'>redegit,</span> <span class='ocrx_word' id='word_1_326' title='bbox 878 3964 1080 4033; x_wconf 81' lang='lat' dir='ltr'>interpolatum</span> <span class='ocrx_word' id='word_1_327' title='bbox 1102 3982 1163 4017; x_wconf 89' lang='lat' dir='ltr'>esse</span> <span class='ocrx_word' id='word_1_328' title='bbox 1186 3966 1294 4035; x_wconf 84' lang='lat' dir='ltr'>posuit,</span> <span class='ocrx_word' id='word_1_329' title='bbox 1318 3984 1375 4019; x_wconf 86' lang='lat' dir='ltr'>non</span> 
     </span>
     <span class='ocr_line' id='line_1_37' title="bbox 223 4040 1375 4115; baseline 0.005 -22"><span class='ocrx_word' id='word_1_330' title='bbox 223 4042 305 4095; x_wconf 87' lang='lat' dir='ltr'>modo</span> <span class='ocrx_word' id='word_1_331' title='bbox 327 4040 397 4093; x_wconf 83' lang='lat' dir='ltr'>nihil</span> <span class='ocrx_word' id='word_1_332' title='bbox 414 4042 481 4095; x_wconf 89' lang='lat' dir='ltr'>huic</span> <span class='ocrx_word' id='word_1_333' title='bbox 502 4042 677 4097; x_wconf 84' lang='lat' dir='ltr'>coniecturae</span> <span class='ocrx_word' id='word_1_334' title='bbox 698 4044 784 4111; x_wconf 77' lang='lat' dir='ltr'>faetet,</span> <span class='ocrx_word' id='word_1_335' title='bbox 805 4044 890 4097; x_wconf 90' lang='lat' dir='ltr'>immo</span> <span class='ocrx_word' id='word_1_336' title='bbox 907 4044 1000 4097; x_wconf 85' lang='lat' dir='ltr'>multa</span> <span class='ocrx_word' id='word_1_337' title='bbox 1012 4046 1200 4115; x_wconf 81' lang='lat' dir='ltr'>refragantur.</span> <span class='ocrx_word' id='word_1_338' title='bbox 1224 4046 1289 4101; x_wconf 86' lang='lat' dir='ltr'>Vid.</span> <span class='ocrx_word' id='word_1_339' title='bbox 1306 4047 1375 4099; x_wconf 88' lang='lat' dir='ltr'>Bur-</span> 
     </span>
     <span class='ocr_line' id='line_1_38' title="bbox 223 4122 570 4179; baseline 0.017 -6"><span class='ocrx_word' id='word_1_340' title='bbox 223 4122 296 4173; x_wconf 83' lang='lat' dir='ltr'>siani</span> <span class='ocrx_word' id='word_1_341' title='bbox 316 4122 431 4175; x_wconf 85' lang='lat' dir='ltr'>annales</span> <span class='ocrx_word' id='word_1_342' title='bbox 452 4140 473 4175; x_wconf 87' lang='lat' dir='ltr'>a.</span> <span class='ocrx_word' id='word_1_343' title='bbox 493 4128 570 4179; x_wconf 80' lang='grc'><strong>1905.</strong></span> 
     </span>
    </p>

    <p class='ocr_par' dir='ltr' id='par_1_6' title="bbox 223 4200 1376 4437">
     <span class='ocr_line' id='line_1_39' title="bbox 315 4200 1376 4275; baseline 0.006 -20"><span class='ocrx_word' id='word_1_344' title='bbox 315 4206 340 4271; x_wconf 72' lang='lat'>⁵2)</span> <span class='ocrx_word' id='word_1_345' title='bbox 361 4200 401 4255; x_wconf 85' lang='lat' dir='ltr'>Cf.</span> <span class='ocrx_word' id='word_1_346' title='bbox 417 4202 500 4255; x_wconf 70' lang='lat' dir='ltr'>[iord.</span> <span class='ocrx_word' id='word_1_347' title='bbox 518 4208 573 4269; x_wconf 79' lang='lat' dir='ltr'>3,ss</span> <span class='ocrx_word' id='word_1_348' title='bbox 598 4212 686 4261; x_wconf 81' lang='lat' dir='ltr'>emsiot</span> <span class='ocrx_word' id='word_1_349' title='bbox 709 4206 782 4261; x_wconf 83' lang='lat' dir='ltr'>silue</span> <span class='ocrx_word' id='word_1_350' title='bbox 807 4208 866 4261; x_wconf 75' lang='lat' dir='ltr'>eires</span> <span class='ocrx_word' id='word_1_351' title='bbox 889 4208 1079 4273; x_wconf 68' lang='lat' dir='ltr'>laento-rabilis,</span> <span class='ocrx_word' id='word_1_352' title='bbox 1101 4224 1171 4275; x_wconf 71' lang='lat' dir='ltr'>prece</span> <span class='ocrx_word' id='word_1_353' title='bbox 1191 4210 1269 4275; x_wconf 77' lang='lat' dir='ltr'>picta</span> <span class='ocrx_word' id='word_1_354' title='bbox 1287 4216 1326 4263; x_wconf 80' lang='lat' dir='ltr'>est</span> <span class='ocrx_word' id='word_1_355' title='bbox 1342 4210 1376 4262; x_wconf 79' lang='lat' dir='ltr'>iu</span> 
     </span>
     <span class='ocr_line' id='line_1_40' title="bbox 223 4282 1375 4355; baseline 0.007 -20"><span class='ocrx_word' id='word_1_356' title='bbox 223 4282 301 4337; x_wconf 78' lang='lat' dir='ltr'>eloneo</span> <span class='ocrx_word' id='word_1_357' title='bbox 321 4288 442 4337; x_wconf 76' lang='lat' dir='ltr'>nostrate</span> <span class='ocrx_word' id='word_1_358' title='bbox 472 4284 519 4337; x_wconf 79' lang='lat' dir='ltr'>Coc</span> <span class='ocrx_word' id='word_1_359' title='bbox 536 4286 656 4353; x_wconf 79' lang='lat' dir='ltr'>Pompei,</span> <span class='ocrx_word' id='word_1_360' title='bbox 674 4318 709 4327; x_wconf 70' lang='lat'>„-</span> <span class='ocrx_word' id='word_1_361' title='bbox 728 4304 810 4355; x_wconf 74' lang='lat' dir='ltr'>putent</span> <span class='ocrx_word' id='word_1_362' title='bbox 830 4288 963 4355; x_wconf 63' lang='lat' dir='ltr'>Portippa:</span> <span class='ocrx_word' id='word_1_363' title='bbox 988 4290 1152 4355; x_wconf 73' lang='lat' dir='ltr'>temporibus</span> <span class='ocrx_word' id='word_1_364' title='bbox 1179 4296 1267 4343; x_wconf 77' lang='lat' dir='ltr'>cester</span> <span class='ocrx_word' id='word_1_365' title='bbox 1292 4290 1375 4353; x_wconf 72' lang='lat' dir='ltr'>riscus</span> 
     </span>
     <span class='ocr_line' id='line_1_41' title="bbox 223 4366 1119 4437; baseline 0.002 -20"><span class='ocrx_word' id='word_1_366' title='bbox 223 4366 338 4429; x_wconf 77' lang='lat' dir='ltr'>inuasit,</span> <span class='ocrx_word' id='word_1_367' title='bbox 357 4380 428 4431; x_wconf 86' lang='lat' dir='ltr'>quae</span> <span class='ocrx_word' id='word_1_368' title='bbox 449 4380 514 4431; x_wconf 86' lang='lat' dir='ltr'>pars</span> <span class='ocrx_word' id='word_1_369' title='bbox 532 4366 609 4419; x_wconf 78' lang='lat' dir='ltr'>uitae</span> <span class='ocrx_word' id='word_1_370' title='bbox 630 4384 683 4419; x_wconf 90' lang='lat' dir='ltr'>uon</span> <span class='ocrx_word' id='word_1_371' title='bbox 706 4384 738 4419; x_wconf 88' lang='lat' dir='ltr'>ex</span> <span class='ocrx_word' id='word_1_372' title='bbox 759 4368 917 4421; x_wconf 82' lang='lat' dir='ltr'>Herodiano</span> <span class='ocrx_word' id='word_1_373' title='bbox 938 4370 1050 4437; x_wconf 82' lang='lat' dir='ltr'>sumpta</span> <span class='ocrx_word' id='word_1_374' title='bbox 1069 4369 1119 4419; x_wconf 81' lang='lat' dir='ltr'>est.</span> 
     </span>
    </p>
   </div>
   <div class='ocr_carea' id='block_1_4' title="bbox 0 0 1630 4950">
    <p class='ocr_par' dir='ltr' id='par_1_7' title="bbox 0 0 1630 4950">
     <span class='ocr_line' id='line_1_42' title="bbox 0 0 1630 4950; baseline 0 0"><span class='ocrx_word' id='word_1_375' title='bbox 0 0 1630 4950; x_wconf 95' lang='lat' dir='ltr'> </span> 
     </span>
    </p>
   </div>
  </div>
 </body>
</html>
