3234 4950
706 370 877 425 ANNALES
1324 366 1366 433 81

219 550 389 608 existimant
408 546 455 625 [P.
478 548 650 609 Terentium
670 546 805 625 Afrum,
829 546 905 625 quod
933 550 998 607 beri
1020 548 1100 607 nullo
1125 548 1210 607 modo
1235 550 1368 625 potuisse

217 644 384 707 Fenestella
406 646 500 724 doe-et,
524 666 591 707 num
616 650 695 708 inter
717 648 808 707 linem
828 646 951 707 secundi
974 646 1079 705 Punici
1103 646 1173 705 belli
1197 654 1225 705 et
1249 646 1367 705 initium

217 748 299 805 tertii
328 754 356 805 et
387 753 471 805 natus
502 748 539 805 sit
569 755 596 805 et
625 757 767 807 mortuus.
805 764 860 805 neo
890 746 914 805 si
945 766 959 805 a
989 744 1124 805 Numidis
1157 752 1205 805 aut
1237 742 1367 805 Gaetulis

217 853 321 923 eaptus
344 846 391 922 sit7
414 844 452 901 ad
475 844 628 916 dominum
648 844 815 905 Romanum
838 846 998 923 peruenire
1020 844 1161 921 potuisse,
1185 842 1264 903 nullo
1288 862 1368 903 eom-

191 944 329 1002 omereio
359 945 440 1002 inter
473 942 590 1003 ltalieos
624 953 653 1003 et
683 944 767 1003 Alros
805 946 864 1003 nisi
898 950 965 1021 post
1003 940 1129 1003 deletam
1156 940 1367 1019 Karthaginem

216 1048 329 1118 eoepto.
364 1042 413 1101 bie
442 1060 511 1100 oum
536 1042 639 1101 multis
665 1042 816 1103 nobilibus
843 1040 1027 1101 familiariter
1052 1042 1139 1121 uixit,
1163 1040 1215 1101 sed
1240 1042 1367 1099 maxime

216 1156 283 1197 eum
309 1138 447 1219 Scipione
468 1140 604 1200 Africano
630 1148 658 1201 et
682 1139 711 1199 C.
732 1140 842 1219 Laelio7
870 1140 975 1219 quibus
1005 1140 1091 1201 etium
1117 1142 1250 1219 eorporis
1273 1140 1366 1217 gratia

216 1236 391 1298 conciliatus
413 1240 607 1299 existimatur.
645 1239 722 1317 quod
747 1249 776 1299 et
798 1240 897 1317 ipsum
920 1238 1085 1299 Fenestella
1111 1240 1219 1315 arguit,
1245 1246 1366 1297 nonien-

216 1336 288 1395 dens
312 1344 440 1415 utroque
458 1340 600 1397 maiorem
624 1344 696 1397 natu
717 1338 821 1397 tuisse.
886 1344 888 1349 '

69 1454 72 1467 ²
175 1466 202 1503 ιο
306 1438 615 1507 memoratione
642 1463 690 1520 oq.
713 1450 779 1507 urb.
806 1446 891 1507 Rom.
916 1448 937 1505 I
961 1446 980 1505 7
1018 1446 1087 1507 Post
1121 1464 1211 1507 annos
1247 1454 1366 1505 eentum
1382 1414 1437 1549 ssg

214 1544 323 1619 uiginti
341 1550 463 1621 septem,
485 1542 516 1603 id
538 1552 584 1603 est
606 1562 684 1603 anno
708 1542 743 1603 ab
766 1544 840 1603 urbe
867 1546 983 1603 condita
1008 1546 1221 1603 sexcentesimo
1252 1552 1365 1621 ootauo,

216 1638 278 1701 Ser.
303 1640 434 1719 Sulpicio
463 1642 552 1701 Galba
582 1641 675 1718 [eum]
705 1642 796 1701 Lueio
826 1642 944 1701 Aurelio
973 1642 1055 1701 Cotta
1084 1642 1268 1721 oonsulibus
1298 1660 1366 1703 eum

214 1739 327 1819 Appiae
357 1740 537 1819 Anionisque
575 1740 680 1801 duetus
711 1749 860 1801 uetustate
894 1744 1025 1819 quassati
1059 1744 1244 1819 priuatorum
1276 1744 1367 1801 elium

214 1838 368 1897 fraudibus
396 1840 659 1918 iutereiperentur,
690 1840 788 1899 datum
820 1848 863 1899 est
892 1858 905 1897 a
937 1846 1039 1899 senatu
1069 1840 1219 1917 negotium
1248 1840 1367 1925 liureio,

174 1958 200 1997 ιε,
215 1938 267 2013 qui
288 1945 352 1995 tum
370 1946 490 2017 praetor
513 1940 591 1999 inter
615 1942 697 1999 eines
719 1940 767 1999 ius
791 1936 915 2015 dicebat,
942 1956 1042 1999 eorum
1065 1936 1205 1999 duetuum
1229 1938 1365 1999 reficien-

216 2034 321 2095 dorum
344 2054 378 2095 ao
401 2036 656 2097 uindicandornm.
696 2046 724 2095 et
748 2038 887 2115 quoniam
905 2038 1124 2097 incrementum
1143 2038 1226 2097 urbis
1248 2038 1366 2115 erigere

213 2134 371 2193 uidebatur
403 2136 577 2215 ampliorem
604 2134 725 2195 modum
756 2154 860 2213 aquae,
891 2136 986 2197 eidem
1015 2134 1186 2197 mandatum
1214 2154 1229 2195 a
1261 2144 1364 2197 senatu

215 2242 273 2313 est,
299 2242 334 2293 ut
356 2244 487 2314 curaret,
517 2238 655 2313 quatinus
684 2236 755 2295 alias
777 2254 869 2313 aquas
893 2254 965 2313 quas
988 2243 1090 2315 posset
1114 2236 1145 2293 in
1168 2234 1273 2293 urbem
1298 2252 1364 2311 per-

215 2333 338 2394 duceret
354 2380 452 2395 .....
471 2339 596 2409 priores
632 2334 736 2395 duetus
768 2338 854 2395 restit
879 2338 913 2413 n,
952 2338 1069 2395 tertiam
1101 2332 1160 2393 illis
1195 2332 1364 2395 uberiorem

174 2454 201 2494 no
214 2436 246 2492 tn
262 2434 365 2494 urbem
378 2432 532 2512 perduxit,
552 2434 599 2494 eui
615 2433 650 2492 ab
666 2440 785 2493 auctore
800 2432 928 2494 Marciae
944 2452 1050 2494 nomen
1072 2440 1124 2494 est.
1149 2431 1274 2510 legimus
1294 2437 1366 2512 aput

213 2531 410 2592 Fenestellam
433 2534 464 2590 in
486 2532 560 2592 haee
584 2551 673 2610 opera
697 2531 806 2613 llareio
832 2531 983 2594 decretum
1009 2535 1180 2594 sestertium
1199 2531 1296 2592 milies
1317 2549 1364 2590 oo-

214 2633 374 2708 tingenties
390 2638 425 2707 et,
442 2633 581 2708 quoniam
599 2631 638 2690 ad
654 2631 920 2690 consummandum
940 2633 1089 2708 negotium
1109 2649 1168 2690 non
1189 2629 1364 2708 sufficiebat,

214 2733 342 2807 spatium
363 2736 521 2808 praeturae
544 2731 578 2790 in
599 2748 710 2789 annum
732 2729 860 2790 alterum
884 2739 1082 2808 prorogatum.

302 3027 338 3114 9,
362 3039 392 3092 2.
413 3035 503 3094 initio
519 3029 617 3114 (Pon)
633 3035 661 3092 B
675 3035 779 3110 Regin.
841 3037 869 3094 3.
893 3037 980 3094 uetus
1006 3037 1050 3094 est
1075 3037 1103 3092 el
1128 3035 1197 3094 libri
1219 3039 1250 3094 eb
1273 3037 1362 3094 natus

214 3125 254 3182 sit
278 3128 307 3182 eb
325 3125 438 3184 Rusone
514 3119 581 3204 nee]
596 3125 626 3182 B
642 3125 726 3184 Leto.
740 3127 836 3198 Neon.
913 3127 941 3182 si
963 3125 1102 3182 animidis
1118 3125 1188 3184 Por.
1203 3125 1231 3182 A
1311 3127 1364 3182 nui

219 3215 285 3272 Vre.
299 3215 370 3290 Reg.
429 3215 543 3290 geturis
558 3215 588 3273 A
655 3217 686 3272 4.
710 3215 748 3272 ad
767 3215 918 3272 domiuum
934 3215 995 3274 Ino.
1009 3213 1178 3274 Gronouins
1202 3215 1239 3272 ad
1259 3215 1363 3272 dueem

213 3304 282 3362 libri
300 3305 410 3362 adduci
423 3305 548 3362 Romam
562 3305 664 3380 ibique
678 3305 782 3362 uenire
795 3305 925 3376 Selorum
946 3303 1106 3362 adduobum
1120 3305 1246 3362 Romam
1261 3305 1362 3362 uenire

213 3395 377 3452 Mommsen
459 3397 486 3452 5.
511 3395 653 3470 italiquos
666 3392 698 3452 A
719 3395 809 3452 italos
825 3395 926 3470 Regio.
943 3395 1035 3468 Neon.
1120 3397 1148 3452 6.
1173 3397 1260 3470 onpbo
1275 3395 1361 3454 Leto.

213 3485 319 3542 Drescl.
334 3486 438 3560 enepto
460 3485 528 3544 Vrb.
582 3485 751 3542 nominibus
765 3481 794 3542 A
808 3489 875 3542 uerte
889 3501 962 3542 eorr.
1032 3485 1061 3544 7.
1085 3479 1131 3562 G]
1147 3481 1175 3542 A
1191 3503 1244 3542 om.
1256 3485 1361 3542 Drescl.

213 3591 279 3632 oum
292 3579 352 3632 eett.
366 3575 448 3632 cono.
498 3571 602 3650 etiam]
618 3575 694 3632 ebB
707 3575 791 3632 Letoi.
806 3573 911 3632 Dresd.
968 3573 1068 3650 gratia
1085 3591 1139 3632 om.
1153 3573 1239 3632 Leirl.
1255 3575 1360 3632 Dreorl.

212 3663 431 3740 pulchritudine
447 3665 476 3722 B
543 3665 573 3721 8.
592 3663 753 3722 eonoilieus
773 3663 840 3722 Vre.
901 3661 944 3740 et]
964 3661 1042 3720 exA
1097 3661 1211 3740 arguit]
1231 3665 1317 3722 donet
1331 3661 1361 3720 B

215 3755 241 3812 9.
266 3755 355 3811 natus
369 3752 401 3812 A

302 3843 358 3930 10,
375 3855 424 3910 12.
441 3851 470 3912 S.
489 3851 640 3926 Sulpicius
653 3853 713 3910 eorl.
760 3871 827 3910 eum
841 3853 957 3910 seclusit
970 3851 1129 3910 Buecheler
1199 3853 1248 3908 14.
1272 3851 1358 3910 datus

212 3943 257 3998 est
279 3941 341 4000 eod,
408 3960 508 3999 maroo
527 3943 587 4000 eorl.
601 3959 653 4000 ern.
666 3943 800 4000 Poleour,
826 3941 856 4010 Q.
879 3941 946 3998 ndol.
961 3941 1070 4000 Bneeb.
1141 3943 1189 3998 16.
1214 3943 1241 3998 ei
1261 3941 1320 4000 eorl.

214 4033 263 4088 19.
285 4033 332 4089 rei
342 4075 416 4089 .....
426 4032 548 4090 tertiam
563 4031 623 4090 eorl,
642 4033 779 4088 restituit
796 4033 827 4088 et
841 4031 950 4090 Bneeb.
1036 4031 1234 4088 illiobriorum
1246 4075 1358 4090 .......

212 4116 281 4178 dixi
298 4121 358 4179 eod.
380 4121 441 4178 illis
460 4121 623 4180 uberiorem
644 4121 782 4196 perduxit
799 4121 919 4179 Jorrlosn
934 4121 1031 4178 Roem.
1046 4121 1166 4194 Teneor.
1183 4121 1206 4178 I
1217 4123 1234 4178 1
1250 4139 1282 4194 ro.
1295 4119 1360 4178 465

213 4211 263 4268 20.
285 4209 318 4268 in
341 4211 445 4268 urbem
467 4210 546 4286 perd.
567 4211 729 4270 Sobeltre‘us
753 4211 783 4268 in
808 4207 991 4286 Capitolium
1011 4209 1078 4268 ode.
1092 4209 1217 4268 Polerrns

213 4301 264 4357 21.
278 4301 357 4358 mine
371 4299 548 4376 octingente.
570 4301 621 4358 see
636 4301 696 4358 eorl.
711 4299 806 4358 milies
824 4299 1019 4376 octingenties
1033 4297 1197 4358 solotenus
1211 4303 1236 4358 et
1250 4299 1357 4358 Bueeb.

213 4389 262 4446 23.
286 4389 410 4448 statium
428 4391 488 4448 eorl.

265 4507 326 4545 Hist.
341 4507 405 4546 Rom.
420 4509 461 4544 rel.
474 4508 506 4556 II,
524 4507 557 4545 ed.
571 4509 663 4566 Beier.
1130 4493 1144 4540 6
