<?xml version="1.0" encoding="UTF-8"?>
<!DOCTYPE html PUBLIC "-//W3C//DTD XHTML 1.0 Transitional//EN"
    "http://www.w3.org/TR/xhtml1/DTD/xhtml1-transitional.dtd">
<html xmlns="http://www.w3.org/1999/xhtml" xml:lang="en" lang="en">
 <head>
  <title>
</title>
<meta http-equiv="Content-Type" content="text/html;charset=utf-8" />
  <meta name='ocr-system' content='tesseract 3.04.00' />
  <meta name='ocr-capabilities' content='ocr_page ocr_carea ocr_par ocr_line ocrx_word'/>
</head>
<body>
  <div class='ocr_page' id='page_1' title='image "./historicorumrom03petegoog_0161.png"; bbox 0 0 3234 4950; ppageno 0'>
   <div class='ocr_carea' id='block_1_1' title="bbox 621 396 1398 455">
    <p class='ocr_par' dir='ltr' id='par_1_1' title="bbox 621 396 1398 455">
     <span class='ocr_line' id='line_1_1' title="bbox 621 396 1398 455; baseline -0.003 -2"><span class='ocrx_word' id='word_1_1' title='bbox 621 400 651 453; x_wconf 81' lang='lat' dir='ltr'>O.</span> <span class='ocrx_word' id='word_1_2' title='bbox 668 400 812 455; x_wconf 80' lang='lat' dir='ltr'>PLINIVS</span> <span class='ocrx_word' id='word_1_3' title='bbox 834 400 1022 455; x_wconf 78' lang='lat' dir='ltr'>SECVNDVS</span> <span class='ocrx_word' id='word_1_4' title='bbox 1312 396 1398 453; x_wconf 77' lang='lat' dir='ltr'>&#39;cunr</span> 
     </span>
    </p>
   </div>
   <div class='ocr_carea' id='block_1_2' title="bbox 197 562 1402 3912">
    <p class='ocr_par' dir='ltr' id='par_1_2' title="bbox 197 562 1402 3912">
     <span class='ocr_line' id='line_1_2' title="bbox 247 562 1399 653; baseline 0 -24"><span class='ocrx_word' id='word_1_5' title='bbox 247 570 410 647; x_wconf 85' lang='lat' dir='ltr'>attigerunt</span> <span class='ocrx_word' id='word_1_6' title='bbox 434 568 554 647; x_wconf 90' lang='lat' dir='ltr'>quidem</span> <span class='ocrx_word' id='word_1_7' title='bbox 575 572 616 641; x_wconf 83' lang='lat' dir='ltr'>(a.</span> <span class='ocrx_word' id='word_1_8' title='bbox 635 562 994 653; x_wconf 70' lang='lat' dir='ltr'>anfrop.0txnsqq.).1)</span> <span class='ocrx_word' id='word_1_9' title='bbox 1038 578 1131 631; x_wconf 88' lang='lat' dir='ltr'>restat</span> <span class='ocrx_word' id='word_1_10' title='bbox 1158 572 1250 647; x_wconf 83' lang='lat' dir='ltr'>igitur</span> <span class='ocrx_word' id='word_1_11' title='bbox 1277 570 1399 647; x_wconf 84' lang='lat' dir='ltr'>Plinius,</span> 
     </span>
     <span class='ocr_line' id='line_1_3' title="bbox 247 668 1396 749; baseline 0 -20"><span class='ocrx_word' id='word_1_12' title='bbox 247 686 336 749; x_wconf 90' lang='lat' dir='ltr'>quem</span> <span class='ocrx_word' id='word_1_13' title='bbox 358 668 478 727; x_wconf 76' lang='lat' dir='ltr'>Tacitus</span> <span class='ocrx_word' id='word_1_14' title='bbox 513 674 542 727; x_wconf 87' lang='lat' dir='ltr'>et</span> <span class='ocrx_word' id='word_1_15' title='bbox 575 668 604 725; x_wconf 92' lang='lat' dir='ltr'>in</span> <span class='ocrx_word' id='word_1_16' title='bbox 633 668 767 727; x_wconf 86' lang='lat' dir='ltr'>historiis</span> <span class='ocrx_word' id='word_1_17' title='bbox 794 668 849 743; x_wconf 83' lang='lat' dir='ltr'>(sr.</span> <span class='ocrx_word' id='word_1_18' title='bbox 870 670 905 743; x_wconf 80' lang='lat' dir='ltr'>b)</span> <span class='ocrx_word' id='word_1_19' title='bbox 936 676 964 729; x_wconf 89' lang='lat' dir='ltr'>et</span> <span class='ocrx_word' id='word_1_20' title='bbox 993 670 1024 727; x_wconf 92' lang='lat' dir='ltr'>in</span> <span class='ocrx_word' id='word_1_21' title='bbox 1053 668 1208 729; x_wconf 81' lang='lat' dir='ltr'>annalibus</span> <span class='ocrx_word' id='word_1_22' title='bbox 1237 670 1290 747; x_wconf 76' lang='lat' dir='ltr'>(fr.</span> <span class='ocrx_word' id='word_1_23' title='bbox 1314 672 1341 729; x_wconf 84' lang='lat'>5.</span> <span class='ocrx_word' id='word_1_24' title='bbox 1363 672 1396 743; x_wconf 80' lang='lat'>6)</span> 
     </span>
     <span class='ocr_line' id='line_1_4' title="bbox 246 764 1398 846; baseline -0.002 -17"><span class='ocrx_word' id='word_1_25' title='bbox 246 770 363 846; x_wconf 75' lang='lat' dir='ltr'>citauit,</span> <span class='ocrx_word' id='word_1_26' title='bbox 406 764 577 827; x_wconf 89' lang='lat' dir='ltr'>uberrimus</span> <span class='ocrx_word' id='word_1_27' title='bbox 609 784 679 826; x_wconf 89' lang='lat' dir='ltr'>sane</span> <span class='ocrx_word' id='word_1_28' title='bbox 710 766 776 827; x_wconf 85' lang='lat' dir='ltr'>lons</span> <span class='ocrx_word' id='word_1_29' title='bbox 808 765 928 827; x_wconf 88' lang='lat' dir='ltr'>illorum</span> <span class='ocrx_word' id='word_1_30' title='bbox 963 786 1114 827; x_wconf 75' lang='lat' dir='ltr'>alanorum.</span> <span class='ocrx_word' id='word_1_31' title='bbox 1162 786 1269 827; x_wconf 91' lang='lat' dir='ltr'>nerum</span> <span class='ocrx_word' id='word_1_32' title='bbox 1298 776 1398 827; x_wconf 91' lang='lat' dir='ltr'>tamen</span> 
     </span>
     <span class='ocr_line' id='line_1_5' title="bbox 247 864 1398 945; baseline -0.001 -19"><span class='ocrx_word' id='word_1_33' title='bbox 247 866 326 945; x_wconf 86' lang='lat' dir='ltr'>quod</span> <span class='ocrx_word' id='word_1_34' title='bbox 350 864 459 925; x_wconf 82' lang='lat' dir='ltr'><strong>Nissen</strong></span> <span class='ocrx_word' id='word_1_35' title='bbox 481 868 581 925; x_wconf 88' lang='lat' dir='ltr'>omnia</span> <span class='ocrx_word' id='word_1_36' title='bbox 603 866 635 925; x_wconf 91' lang='lat' dir='ltr'>in</span> <span class='ocrx_word' id='word_1_37' title='bbox 653 865 748 925; x_wconf 85' lang='lat' dir='ltr'>Taciti</span> <span class='ocrx_word' id='word_1_38' title='bbox 773 866 906 925; x_wconf 87' lang='lat' dir='ltr'>bistoriis</span> <span class='ocrx_word' id='word_1_39' title='bbox 925 866 1057 925; x_wconf 80' lang='lat' dir='ltr'>Pliniana</span> <span class='ocrx_word' id='word_1_40' title='bbox 1084 884 1156 945; x_wconf 79' lang='lat' dir='ltr'>esse,</span> <span class='ocrx_word' id='word_1_41' title='bbox 1182 886 1258 945; x_wconf 79' lang='lat' dir='ltr'>(prae</span> <span class='ocrx_word' id='word_1_42' title='bbox 1278 886 1312 927; x_wconf 85' lang='lat' dir='ltr'>ex</span> <span class='ocrx_word' id='word_1_43' title='bbox 1333 866 1398 925; x_wconf 87' lang='lat' dir='ltr'>aliis</span> 
     </span>
     <span class='ocr_line' id='line_1_6' title="bbox 247 962 1397 1045; baseline -0.001 -20"><span class='ocrx_word' id='word_1_44' title='bbox 247 964 418 1025; x_wconf 89' lang='lat' dir='ltr'>auctoribus</span> <span class='ocrx_word' id='word_1_45' title='bbox 438 974 554 1043; x_wconf 89' lang='lat' dir='ltr'>sumpta</span> <span class='ocrx_word' id='word_1_46' title='bbox 576 982 641 1024; x_wconf 88' lang='lat' dir='ltr'>esse</span> <span class='ocrx_word' id='word_1_47' title='bbox 661 962 859 1025; x_wconf 89' lang='lat' dir='ltr'>demonstrari</span> <span class='ocrx_word' id='word_1_48' title='bbox 879 984 938 1025; x_wconf 94' lang='lat' dir='ltr'>non</span> <span class='ocrx_word' id='word_1_49' title='bbox 958 972 1067 1045; x_wconf 80' lang='lat' dir='ltr'>posset,</span> <span class='ocrx_word' id='word_1_50' title='bbox 1089 974 1229 1025; x_wconf 88' lang='lat' dir='ltr'>statuerat</span> <span class='ocrx_word' id='word_1_51' title='bbox 1251 968 1290 1043; x_wconf 86' lang='lat' dir='ltr'>(p.</span> <span class='ocrx_word' id='word_1_52' title='bbox 1309 966 1397 1043; x_wconf 81' lang='lat'><em>535),</em></span> 
     </span>
     <span class='ocr_line' id='line_1_7' title="bbox 245 1060 1398 1143; baseline -0.002 -20"><span class='ocrx_word' id='word_1_53' title='bbox 245 1064 399 1123; x_wconf 84' lang='lat' dir='ltr'>Detlelsen</span> <span class='ocrx_word' id='word_1_54' title='bbox 422 1064 515 1136; x_wconf 78' lang='lat' dir='ltr'>(Patr.</span> <span class='ocrx_word' id='word_1_55' title='bbox 535 1064 684 1123; x_wconf 86' lang='lat' dir='ltr'><em>XXXIV</em></span> <span class='ocrx_word' id='word_1_56' title='bbox 697 1082 730 1139; x_wconf 82' lang='lat' dir='ltr'>p.</span> <span class='ocrx_word' id='word_1_57' title='bbox 750 1064 898 1137; x_wconf 62' lang='lat' dir='ltr'>aro—ru)</span> <span class='ocrx_word' id='word_1_58' title='bbox 923 1072 954 1123; x_wconf 84' lang='lat' dir='ltr'>et</span> <span class='ocrx_word' id='word_1_59' title='bbox 977 1060 1074 1143; x_wconf 82' lang='lat' dir='ltr'>Groag</span> <span class='ocrx_word' id='word_1_60' title='bbox 1098 1066 1140 1141; x_wconf 82' lang='lat' dir='ltr'>(p.</span> <span class='ocrx_word' id='word_1_61' title='bbox 1161 1064 1314 1141; x_wconf 75' lang='lat' dir='ltr'>709sqp.)</span> <span class='ocrx_word' id='word_1_62' title='bbox 1335 1066 1398 1141; x_wconf 86' lang='lat' dir='ltr'>qui·</span> 
     </span>
     <span class='ocr_line' id='line_1_8' title="bbox 246 1156 1398 1245; baseline 0 -22"><span class='ocrx_word' id='word_1_63' title='bbox 246 1161 372 1223; x_wconf 90' lang='lat' dir='ltr'>busdam</span> <span class='ocrx_word' id='word_1_64' title='bbox 397 1165 427 1221; x_wconf 88' lang='lat' dir='ltr'>in</span> <span class='ocrx_word' id='word_1_65' title='bbox 452 1162 541 1223; x_wconf 89' lang='lat' dir='ltr'>rebus</span> <span class='ocrx_word' id='word_1_66' title='bbox 565 1180 614 1223; x_wconf 91' lang='lat' dir='ltr'>eos</span> <span class='ocrx_word' id='word_1_67' title='bbox 640 1164 719 1221; x_wconf 88' lang='lat' dir='ltr'>inter</span> <span class='ocrx_word' id='word_1_68' title='bbox 747 1180 780 1223; x_wconf 98' lang='grc'><strong>56</strong></span> <span class='ocrx_word' id='word_1_69' title='bbox 803 1156 1011 1245; x_wconf 62' lang='lat' dir='ltr'>discreparet)</span> <span class='ocrx_word' id='word_1_70' title='bbox 1036 1182 1134 1241; x_wconf 84' lang='lat' dir='ltr'>neque</span> <span class='ocrx_word' id='word_1_71' title='bbox 1158 1164 1292 1241; x_wconf 83' lang='lat' dir='ltr'>uestigiis</span> <span class='ocrx_word' id='word_1_72' title='bbox 1320 1162 1398 1223; x_wconf 90' lang='lat' dir='ltr'>illins</span> 
     </span>
     <span class='ocr_line' id='line_1_9' title="bbox 245 1260 1397 1339; baseline -0.002 -18"><span class='ocrx_word' id='word_1_73' title='bbox 245 1262 382 1323; x_wconf 83' lang='lat' dir='ltr'>Tacitum</span> <span class='ocrx_word' id='word_1_74' title='bbox 406 1262 551 1321; x_wconf 77' lang='lat' dir='ltr'>institisse</span> <span class='ocrx_word' id='word_1_75' title='bbox 578 1262 667 1320; x_wconf 91' lang='lat' dir='ltr'>certis</span> <span class='ocrx_word' id='word_1_76' title='bbox 692 1262 876 1337; x_wconf 74' lang='lat' dir='ltr'>argumentis</span> <span class='ocrx_word' id='word_1_77' title='bbox 902 1262 1064 1319; x_wconf 90' lang='lat' dir='ltr'>euicerunt.</span> <span class='ocrx_word' id='word_1_78' title='bbox 1107 1264 1207 1339; x_wconf 86' lang='lat' dir='ltr'>itaque</span> <span class='ocrx_word' id='word_1_79' title='bbox 1231 1260 1304 1321; x_wconf 91' lang='lat' dir='ltr'>illud</span> <span class='ocrx_word' id='word_1_80' title='bbox 1330 1280 1397 1319; x_wconf 93' lang='lat' dir='ltr'>con-</span> 
     </span>
     <span class='ocr_line' id='line_1_10' title="bbox 245 1358 1396 1439; baseline 0 -18"><span class='ocrx_word' id='word_1_81' title='bbox 245 1369 325 1421; x_wconf 90' lang='lat' dir='ltr'>stare</span> <span class='ocrx_word' id='word_1_82' title='bbox 349 1359 421 1421; x_wconf 87' lang='lat' dir='ltr'>mibi</span> <span class='ocrx_word' id='word_1_83' title='bbox 446 1358 567 1421; x_wconf 89' lang='lat' dir='ltr'>uidetur</span> <span class='ocrx_word' id='word_1_84' title='bbox 590 1378 651 1419; x_wconf 89' lang='lat' dir='ltr'>nou</span> <span class='ocrx_word' id='word_1_85' title='bbox 671 1358 784 1419; x_wconf 91' lang='lat' dir='ltr'>babere</span> <span class='ocrx_word' id='word_1_86' title='bbox 806 1376 874 1437; x_wconf 79' lang='lat' dir='ltr'>nm7</span> <span class='ocrx_word' id='word_1_87' title='bbox 904 1362 975 1439; x_wconf 87' lang='lat' dir='ltr'>quin</span> <span class='ocrx_word' id='word_1_88' title='bbox 1000 1358 1100 1419; x_wconf 86' lang='lat' dir='ltr'>Tacito</span> <span class='ocrx_word' id='word_1_89' title='bbox 1131 1358 1230 1439; x_wconf 89' lang='lat' dir='ltr'>plures</span> <span class='ocrx_word' id='word_1_90' title='bbox 1260 1370 1396 1421; x_wconf 77' lang='lat' dir='ltr'>auctores</span> 
     </span>
     <span class='ocr_line' id='line_1_11' title="bbox 245 1454 1399 1543; baseline -0.002 -24"><span class='ocrx_word' id='word_1_91' title='bbox 245 1462 368 1519; x_wconf 80' lang='lat' dir='ltr'>testanti</span> <span class='ocrx_word' id='word_1_92' title='bbox 393 1454 598 1543; x_wconf 71' lang='lat' dir='ltr'>credamus3)‚</span> <span class='ocrx_word' id='word_1_93' title='bbox 616 1466 652 1517; x_wconf 92' lang='lat' dir='ltr'>nt</span> <span class='ocrx_word' id='word_1_94' title='bbox 668 1458 815 1537; x_wconf 89' lang='lat' dir='ltr'>plurimos</span> <span class='ocrx_word' id='word_1_95' title='bbox 836 1457 915 1518; x_wconf 91' lang='lat' dir='ltr'>locos</span> <span class='ocrx_word' id='word_1_96' title='bbox 934 1466 1129 1539; x_wconf 78' lang='lat' dir='ltr'>praeteream,</span> <span class='ocrx_word' id='word_1_97' title='bbox 1146 1460 1253 1535; x_wconf 84' lang='lat' dir='ltr'>quibus</span> <span class='ocrx_word' id='word_1_98' title='bbox 1274 1458 1399 1519; x_wconf 87' lang='lat' dir='ltr'>eandem</span> 
     </span>
     <span class='ocr_line' id='line_1_12' title="bbox 246 1550 1398 1641; baseline -0.002 -22"><span class='ocrx_word' id='word_1_99' title='bbox 246 1578 309 1619; x_wconf 89' lang='lat' dir='ltr'>rem</span> <span class='ocrx_word' id='word_1_100' title='bbox 335 1578 351 1619; x_wconf 89' lang='lat' dir='ltr'>a</span> <span class='ocrx_word' id='word_1_101' title='bbox 374 1557 580 1637; x_wconf 82' lang='lat' dir='ltr'>compluribus</span> <span class='ocrx_word' id='word_1_102' title='bbox 603 1550 709 1639; x_wconf 81' lang='lat' dir='ltr'>(etiam</span> <span class='ocrx_word' id='word_1_103' title='bbox 732 1552 858 1617; x_wconf 77' lang='lat' dir='ltr'>‘inultis&#39;</span> <span class='ocrx_word' id='word_1_104' title='bbox 885 1558 941 1617; x_wconf 83' lang='lat' dir='ltr'>HI</span> <span class='ocrx_word' id='word_1_105' title='bbox 957 1550 1309 1641; x_wconf 63' lang='lat' dir='ltr'>emundandorum</span> <span class='ocrx_word' id='word_1_106' title='bbox 1332 1576 1398 1617; x_wconf 88' lang='grc'><strong>6556</strong></span> 
     </span>
     <span class='ocr_line' id='line_1_13' title="bbox 245 1656 1398 1733; baseline -0.002 -16"><span class='ocrx_word' id='word_1_107' title='bbox 245 1664 392 1717; x_wconf 88' lang='lat' dir='ltr'>memorat</span> <span class='ocrx_word' id='word_1_108' title='bbox 419 1658 463 1729; x_wconf 83' lang='lat' dir='ltr'>(u.</span> <span class='ocrx_word' id='word_1_109' title='bbox 485 1659 595 1719; x_wconf 75' lang='lat' dir='ltr'>Nissen</span> <span class='ocrx_word' id='word_1_110' title='bbox 615 1676 652 1733; x_wconf 76' lang='lat' dir='ltr'>p.</span> <span class='ocrx_word' id='word_1_111' title='bbox 670 1658 736 1715; x_wconf 81' lang='lat'>525</span> <span class='ocrx_word' id='word_1_112' title='bbox 751 1676 793 1731; x_wconf 78' lang='lat' dir='ltr'>sp.</span> <span class='ocrx_word' id='word_1_113' title='bbox 824 1658 921 1717; x_wconf 84' lang='lat' dir='ltr'>Fcbt&#39;u</span> <span class='ocrx_word' id='word_1_114' title='bbox 939 1676 972 1733; x_wconf 79' lang='lat' dir='ltr'>p.</span> <span class='ocrx_word' id='word_1_115' title='bbox 993 1656 1056 1715; x_wconf 79' lang='grc'>161</span> <span class='ocrx_word' id='word_1_116' title='bbox 1073 1676 1135 1733; x_wconf 78' lang='lat' dir='ltr'>sqq.</span> <span class='ocrx_word' id='word_1_117' title='bbox 1159 1658 1223 1715; x_wconf 76' lang='lat'>113</span> <span class='ocrx_word' id='word_1_118' title='bbox 1238 1658 1305 1733; x_wconf 69' lang='lat' dir='ltr'>sp).</span> <span class='ocrx_word' id='word_1_119' title='bbox 1341 1656 1398 1715; x_wconf 84' lang='lat' dir='ltr'>ire-</span> 
     </span>
     <span class='ocr_line' id='line_1_14' title="bbox 247 1754 1399 1839; baseline -0.002 -22"><span class='ocrx_word' id='word_1_120' title='bbox 247 1764 373 1835; x_wconf 87' lang='lat' dir='ltr'>quenter</span> <span class='ocrx_word' id='word_1_121' title='bbox 398 1756 478 1815; x_wconf 88' lang='lat' dir='ltr'>enim</span> <span class='ocrx_word' id='word_1_122' title='bbox 502 1774 550 1817; x_wconf 88' lang='lat' dir='ltr'>res</span> <span class='ocrx_word' id='word_1_123' title='bbox 576 1754 635 1817; x_wconf 90' lang='lat' dir='ltr'>illis</span> <span class='ocrx_word' id='word_1_124' title='bbox 658 1754 840 1815; x_wconf 88' lang='lat' dir='ltr'>turbulentis</span> <span class='ocrx_word' id='word_1_125' title='bbox 864 1756 949 1815; x_wconf 91' lang='lat' dir='ltr'>annis</span> <span class='ocrx_word' id='word_1_126' title='bbox 973 1762 1071 1831; x_wconf 80' lang='lat' dir='ltr'>gestas</span> <span class='ocrx_word' id='word_1_127' title='bbox 1095 1756 1204 1817; x_wconf 88' lang='lat' dir='ltr'>litteris</span> <span class='ocrx_word' id='word_1_128' title='bbox 1224 1764 1258 1839; x_wconf 83' lang='lat' dir='ltr'>et</span> <span class='ocrx_word' id='word_1_129' title='bbox 1286 1774 1399 1815; x_wconf 91' lang='lat' dir='ltr'>sermo·</span> 
     </span>
     <span class='ocr_line' id='line_1_15' title="bbox 245 1852 1399 1933; baseline -0.001 -18"><span class='ocrx_word' id='word_1_130' title='bbox 245 1856 336 1915; x_wconf 89' lang='lat' dir='ltr'>nibus</span> <span class='ocrx_word' id='word_1_131' title='bbox 367 1861 508 1914; x_wconf 85' lang='lat' dir='ltr'>tractatas</span> <span class='ocrx_word' id='word_1_132' title='bbox 541 1874 616 1931; x_wconf 74' lang='lat' dir='ltr'>esse,</span> <span class='ocrx_word' id='word_1_133' title='bbox 650 1862 682 1913; x_wconf 93' lang='lat' dir='ltr'>nt</span> <span class='ocrx_word' id='word_1_134' title='bbox 716 1863 766 1913; x_wconf 91' lang='lat' dir='ltr'>aut</span> <span class='ocrx_word' id='word_1_135' title='bbox 797 1860 1014 1913; x_wconf 81' lang='lat' dir='ltr'>excusarentur</span> <span class='ocrx_word' id='word_1_136' title='bbox 1045 1862 1096 1913; x_wconf 92' lang='lat' dir='ltr'>aut</span> <span class='ocrx_word' id='word_1_137' title='bbox 1122 1852 1322 1933; x_wconf 87' lang='lat' dir='ltr'>probarentur</span> <span class='ocrx_word' id='word_1_138' title='bbox 1349 1862 1399 1915; x_wconf 87' lang='lat' dir='ltr'>aut</span> 
     </span>
     <span class='ocr_line' id='line_1_16' title="bbox 248 1952 1400 2033; baseline -0.001 -20"><span class='ocrx_word' id='word_1_139' title='bbox 248 1952 481 2015; x_wconf 74' lang='lat' dir='ltr'>defenderentur</span> <span class='ocrx_word' id='word_1_140' title='bbox 503 1952 787 2031; x_wconf 84' lang='lat' dir='ltr'>celebrarenturque</span> <span class='ocrx_word' id='word_1_141' title='bbox 806 1970 873 2013; x_wconf 87' lang='lat' dir='ltr'>eum</span> <span class='ocrx_word' id='word_1_142' title='bbox 894 1970 949 2031; x_wconf 91' lang='lat' dir='ltr'>per</span> <span class='ocrx_word' id='word_1_143' title='bbox 968 1970 998 2011; x_wconf 91' lang='lat' dir='ltr'>se</span> <span class='ocrx_word' id='word_1_144' title='bbox 1020 1960 1168 2031; x_wconf 81' lang='lat' dir='ltr'>appareat,</span> <span class='ocrx_word' id='word_1_145' title='bbox 1194 1958 1258 2013; x_wconf 88' lang='lat' dir='ltr'>tum</span> <span class='ocrx_word' id='word_1_146' title='bbox 1281 1952 1400 2033; x_wconf 89' lang='lat' dir='ltr'>losepbi</span> 
     </span>
     <span class='ocr_line' id='line_1_17' title="bbox 245 2046 1399 2135; baseline 0 -22"><span class='ocrx_word' id='word_1_147' title='bbox 245 2054 418 2113; x_wconf 91' lang='lat' dir='ltr'>testimonio</span> <span class='ocrx_word' id='word_1_148' title='bbox 443 2054 489 2127; x_wconf 86' lang='lat' dir='ltr'>(b.</span> <span class='ocrx_word' id='word_1_149' title='bbox 515 2054 584 2113; x_wconf 82' lang='lat' dir='ltr'>Iud.</span> <span class='ocrx_word' id='word_1_150' title='bbox 603 2054 624 2111; x_wconf 89' lang='grc'><strong>1</strong></span> <span class='ocrx_word' id='word_1_151' title='bbox 629 2054 656 2111; x_wconf 86' lang='lat' dir='ltr'><em>V</em></span> <span class='ocrx_word' id='word_1_152' title='bbox 674 2052 705 2129; x_wconf 79' lang='lat'>9,</span> <span class='ocrx_word' id='word_1_153' title='bbox 728 2054 764 2127; x_wconf 83' lang='lat'>2)</span> <span class='ocrx_word' id='word_1_154' title='bbox 793 2052 998 2111; x_wconf 80' lang='lat' dir='ltr'>confirmatur:</span> <span class='ocrx_word' id='word_1_155' title='bbox 1029 2048 1145 2113; x_wconf 75' lang='lat' dir='ltr'>Ilduro</span> <span class='ocrx_word' id='word_1_156' title='bbox 1167 2056 1271 2113; x_wconf 83' lang='grc' dir='ltr'><em>ταῦτα</em></span> <span class='ocrx_word' id='word_1_157' title='bbox 1294 2046 1357 2135; x_wconf 80' lang='lat' dir='ltr'>(res</span> <span class='ocrx_word' id='word_1_158' title='bbox 1385 2072 1399 2113; x_wconf 92' lang='lat' dir='ltr'>a</span> 
     </span>
     <span class='ocr_line' id='line_1_18' title="bbox 247 2144 1399 2235; baseline 0.001 -23"><span class='ocrx_word' id='word_1_159' title='bbox 247 2150 348 2232; x_wconf 82' lang='lat' dir='ltr'>Galba,</span> <span class='ocrx_word' id='word_1_160' title='bbox 360 2150 485 2231; x_wconf 78' lang='lat' dir='ltr'>Othone,</span> <span class='ocrx_word' id='word_1_161' title='bbox 498 2150 625 2231; x_wconf 79' lang='lat' dir='ltr'>Vitellio,</span> <span class='ocrx_word' id='word_1_162' title='bbox 641 2150 768 2211; x_wconf 75' lang='lat' dir='ltr'>Antonio</span> <span class='ocrx_word' id='word_1_163' title='bbox 781 2150 882 2209; x_wconf 90' lang='lat' dir='ltr'>Primo</span> <span class='ocrx_word' id='word_1_164' title='bbox 898 2150 1098 2229; x_wconf 85' lang='lat' dir='ltr'>blucianoqne</span> <span class='ocrx_word' id='word_1_165' title='bbox 1107 2144 1219 2235; x_wconf 78' lang='lat' dir='ltr'>gestas)</span> <span class='ocrx_word' id='word_1_166' title='bbox 1240 2144 1399 2225; x_wconf 77' lang='grc' dir='ltr'>διεξιέναι</span> 
     </span>
     <span class='ocr_line' id='line_1_19' title="bbox 246 2242 1399 2333; baseline 0 -22"><span class='ocrx_word' id='word_1_167' title='bbox 246 2245 307 2333; x_wconf 75' lang='grc' dir='ltr'>μὲν</span> <span class='ocrx_word' id='word_1_168' title='bbox 327 2246 376 2311; x_wconf 79' lang='grc' dir='ltr'>ἐτ’</span> <span class='ocrx_word' id='word_1_169' title='bbox 397 2244 530 2332; x_wconf 75' lang='grc' dir='ltr'>οόιοιβὲς</span> <span class='ocrx_word' id='word_1_170' title='bbox 546 2247 796 2332; x_wconf 74' lang='grc' dir='ltr'>παρῃτησάμην,</span> <span class='ocrx_word' id='word_1_171' title='bbox 818 2244 929 2329; x_wconf 74' lang='grc' dir='ltr'>ἐπειδὴ</span> <span class='ocrx_word' id='word_1_172' title='bbox 953 2242 995 2309; x_wconf 83' lang='lat' dir='ltr'>dc&#39;</span> <span class='ocrx_word' id='word_1_173' title='bbox 1016 2246 1115 2329; x_wconf 80' lang='grc' dir='ltr'><em>ὄχλου</em></span> <span class='ocrx_word' id='word_1_174' title='bbox 1136 2246 1236 2309; x_wconf 79' lang='grc' dir='ltr'><em>πᾶσίν</em></span> <span class='ocrx_word' id='word_1_175' title='bbox 1258 2246 1399 2311; x_wconf 77' lang='grc' dir='ltr'>ἐστικαὶ</span> 
     </span>
     <span class='ocr_line' id='line_1_20' title="bbox 245 2342 1399 2431; baseline 0 -22"><span class='ocrx_word' id='word_1_176' title='bbox 245 2349 383 2423; x_wconf 72' lang='grc' dir='ltr'><em>πολλοῖς</em></span> <span class='ocrx_word' id='word_1_177' title='bbox 404 2342 571 2429; x_wconf 77' lang='grc' dir='ltr'><em>Ἑλλήνων</em></span> <span class='ocrx_word' id='word_1_178' title='bbox 598 2368 633 2409; x_wconf 82' lang='grc' dir='ltr'>τε</span> <span class='ocrx_word' id='word_1_179' title='bbox 657 2342 712 2409; x_wconf 82' lang='grc' dir='ltr'>καὶ</span> <span class='ocrx_word' id='word_1_180' title='bbox 736 2342 904 2427; x_wconf 76' lang='grc' dir='ltr'><em>Ῥωμαίων</em></span> <span class='ocrx_word' id='word_1_181' title='bbox 927 2342 1184 2429; x_wconf 70' lang='grc' dir='ltr'><em>ἀναγέγραπται,</em></span> <span class='ocrx_word' id='word_1_182' title='bbox 1216 2348 1399 2431; x_wconf 75' lang='grc' dir='ltr'><em>συναφείας</em></span> 
     </span>
     <span class='ocr_line' id='line_1_21' title="bbox 247 2442 1399 2531; baseline 0.002 -23"><span class='ocrx_word' id='word_1_183' title='bbox 247 2442 286 2510; x_wconf 72' lang='grc' dir='ltr'>δὲ</span> <span class='ocrx_word' id='word_1_184' title='bbox 308 2444 406 2510; x_wconf 72' lang='grc' dir='ltr'><em>ἕνεκα</em></span> <span class='ocrx_word' id='word_1_185' title='bbox 426 2456 493 2508; x_wconf 83' lang='grc' dir='ltr'>τῶν</span> <span class='ocrx_word' id='word_1_186' title='bbox 518 2444 719 2531; x_wconf 74' lang='grc' dir='ltr'><em>πραγμάτων</em></span> <span class='ocrx_word' id='word_1_187' title='bbox 731 2443 786 2508; x_wconf 80' lang='grc' dir='ltr'>καὶ</span> <span class='ocrx_word' id='word_1_188' title='bbox 800 2450 860 2508; x_wconf 84' lang='grc' dir='ltr'>τοῦ</span> <span class='ocrx_word' id='word_1_189' title='bbox 885 2444 927 2530; x_wconf 75' lang='grc' dir='ltr'>μὴ</span> <span class='ocrx_word' id='word_1_190' title='bbox 950 2444 1150 2530; x_wconf 70' lang='grc' dir='ltr'>διηρτῆσθαι</span> <span class='ocrx_word' id='word_1_191' title='bbox 1168 2444 1228 2528; x_wconf 77' lang='grc' dir='ltr'>τὴν</span> <span class='ocrx_word' id='word_1_192' title='bbox 1250 2446 1399 2530; x_wconf 73' lang='grc' dir='ltr'>ἱστορίαν</span> 
     </span>
     <span class='ocr_line' id='line_1_22' title="bbox 246 2541 1399 2628; baseline 0 -20"><span class='ocrx_word' id='word_1_193' title='bbox 246 2545 484 2628; x_wconf 78' lang='grc' dir='ltr'>κεφαλαιωδῶς</span> <span class='ocrx_word' id='word_1_194' title='bbox 513 2543 654 2610; x_wconf 75' lang='grc' dir='ltr'>ἕκαστον</span> <span class='ocrx_word' id='word_1_195' title='bbox 676 2541 939 2628; x_wconf 70' lang='grc' dir='ltr'>ἑανοημηννέμην.</span> <span class='ocrx_word' id='word_1_196' title='bbox 986 2545 1038 2606; x_wconf 90' lang='lat' dir='ltr'>sed</span> <span class='ocrx_word' id='word_1_197' title='bbox 1068 2565 1135 2606; x_wconf 87' lang='lat' dir='ltr'>oum</span> <span class='ocrx_word' id='word_1_198' title='bbox 1164 2547 1242 2606; x_wconf 85' lang='lat' dir='ltr'>aliis¹</span> <span class='ocrx_word' id='word_1_199' title='bbox 1259 2551 1399 2628; x_wconf 87' lang='lat' dir='ltr'>tempori-</span> 
     </span>
     <span class='ocr_line' id='line_1_23' title="bbox 246 2645 1399 2726; baseline 0 -20"><span class='ocrx_word' id='word_1_200' title='bbox 246 2647 303 2708; x_wconf 93' lang='lat' dir='ltr'>bus</span> <span class='ocrx_word' id='word_1_201' title='bbox 338 2645 523 2726; x_wconf 83' lang='lat' dir='ltr'>singulorum</span> <span class='ocrx_word' id='word_1_202' title='bbox 560 2649 776 2724; x_wconf 87' lang='lat' dir='ltr'>imperatorum</span> <span class='ocrx_word' id='word_1_203' title='bbox 804 2647 949 2706; x_wconf 88' lang='lat' dir='ltr'>memoria</span> <span class='ocrx_word' id='word_1_204' title='bbox 980 2645 1133 2706; x_wconf 90' lang='lat' dir='ltr'>uoluntate</span> <span class='ocrx_word' id='word_1_205' title='bbox 1166 2653 1196 2706; x_wconf 91' lang='lat' dir='ltr'>et</span> <span class='ocrx_word' id='word_1_206' title='bbox 1224 2649 1399 2706; x_wconf 90' lang='lat' dir='ltr'>auctoritate</span> 
     </span>
     <span class='ocr_line' id='line_1_24' title="bbox 248 2741 1399 2828; baseline -0.001 -22"><span class='ocrx_word' id='word_1_207' title='bbox 248 2765 352 2806; x_wconf 82' lang='lat' dir='ltr'>eorum</span> <span class='ocrx_word' id='word_1_208' title='bbox 374 2747 427 2826; x_wconf 90' lang='lat' dir='ltr'>qui</span> <span class='ocrx_word' id='word_1_209' title='bbox 450 2745 646 2806; x_wconf 83' lang='lat' dir='ltr'>succederent</span> <span class='ocrx_word' id='word_1_210' title='bbox 668 2753 849 2822; x_wconf 88' lang='lat' dir='ltr'>senatusque</span> <span class='ocrx_word' id='word_1_211' title='bbox 868 2745 901 2804; x_wconf 91' lang='lat' dir='ltr'>in</span> <span class='ocrx_word' id='word_1_212' title='bbox 924 2751 1035 2804; x_wconf 88' lang='lat' dir='ltr'>certam</span> <span class='ocrx_word' id='word_1_213' title='bbox 1059 2745 1183 2806; x_wconf 86' lang='lat' dir='ltr'>formam</span> <span class='ocrx_word' id='word_1_214' title='bbox 1210 2741 1328 2806; x_wconf 88' lang='lat' dir='ltr'>redacta</span> <span class='ocrx_word' id='word_1_215' title='bbox 1351 2747 1399 2828; x_wconf 83' lang='lat' dir='ltr'>sit,</span> 
     </span>
     <span class='ocr_line' id='line_1_25' title="bbox 248 2841 1398 2924; baseline 0 -20"><span class='ocrx_word' id='word_1_216' title='bbox 248 2845 327 2924; x_wconf 83' lang='lat' dir='ltr'>quod</span> <span class='ocrx_word' id='word_1_217' title='bbox 351 2863 496 2922; x_wconf 83' lang='lat' dir='ltr'>nusquam</span> <span class='ocrx_word' id='word_1_218' title='bbox 522 2865 577 2904; x_wconf 85' lang='lat' dir='ltr'>uec</span> <span class='ocrx_word' id='word_1_219' title='bbox 601 2842 678 2922; x_wconf 83' lang='lat' dir='ltr'>apud</span> <span class='ocrx_word' id='word_1_220' title='bbox 703 2843 838 2904; x_wconf 87' lang='lat' dir='ltr'>Tacitum</span> <span class='ocrx_word' id='word_1_221' title='bbox 860 2845 893 2904; x_wconf 90' lang='lat' dir='ltr'>in</span> <span class='ocrx_word' id='word_1_222' title='bbox 916 2841 1073 2904; x_wconf 83' lang='lat' dir='ltr'>annalibus</span> <span class='ocrx_word' id='word_1_223' title='bbox 1101 2863 1156 2904; x_wconf 89' lang='lat' dir='ltr'>nec</span> <span class='ocrx_word' id='word_1_224' title='bbox 1183 2845 1261 2922; x_wconf 89' lang='lat' dir='ltr'>apud</span> <span class='ocrx_word' id='word_1_225' title='bbox 1284 2845 1398 2906; x_wconf 84' lang='lat' dir='ltr'>Plutar-</span> 
     </span>
     <span class='ocr_line' id='line_1_26' title="bbox 250 2942 1399 3022; baseline 0 -18"><span class='ocrx_word' id='word_1_226' title='bbox 250 2945 342 3004; x_wconf 83' lang='lat' dir='ltr'>chum</span> <span class='ocrx_word' id='word_1_227' title='bbox 364 2946 397 3004; x_wconf 89' lang='lat' dir='ltr'>in</span> <span class='ocrx_word' id='word_1_228' title='bbox 420 2943 486 3002; x_wconf 92' lang='lat' dir='ltr'>aliis</span> <span class='ocrx_word' id='word_1_229' title='bbox 503 2945 577 3004; x_wconf 92' lang='lat' dir='ltr'>uitis</span> <span class='ocrx_word' id='word_1_230' title='bbox 601 2945 720 3022; x_wconf 89' lang='lat' dir='ltr'>saepius</span> <span class='ocrx_word' id='word_1_231' title='bbox 743 2943 877 3002; x_wconf 89' lang='lat' dir='ltr'>diuersas</span> <span class='ocrx_word' id='word_1_232' title='bbox 903 2945 1060 3002; x_wconf 84' lang='lat' dir='ltr'>memorias</span> <span class='ocrx_word' id='word_1_233' title='bbox 1085 2942 1133 3002; x_wconf 90' lang='lat' dir='ltr'>uei</span> <span class='ocrx_word' id='word_1_234' title='bbox 1158 2943 1248 3008; x_wconf 87' lang='lat' dir='ltr'>lamas</span> <span class='ocrx_word' id='word_1_235' title='bbox 1269 2943 1399 3022; x_wconf 89' lang='lat' dir='ltr'>uelopi-</span> 
     </span>
     <span class='ocr_line' id='line_1_27' title="bbox 247 3041 1399 3122; baseline 0 -20"><span class='ocrx_word' id='word_1_236' title='bbox 247 3045 355 3102; x_wconf 89' lang='lat' dir='ltr'>niones</span> <span class='ocrx_word' id='word_1_237' title='bbox 377 3045 457 3102; x_wconf 89' lang='lat' dir='ltr'>inter</span> <span class='ocrx_word' id='word_1_238' title='bbox 480 3061 512 3102; x_wconf 91' lang='lat' dir='ltr'>se</span> <span class='ocrx_word' id='word_1_239' title='bbox 535 3043 685 3120; x_wconf 89' lang='lat' dir='ltr'>oppositas</span> <span class='ocrx_word' id='word_1_240' title='bbox 715 3061 781 3102; x_wconf 90' lang='lat' dir='ltr'>esse</span> <span class='ocrx_word' id='word_1_241' title='bbox 803 3043 974 3110; x_wconf 82' lang='lat' dir='ltr'>ino&#39;euimus</span> <span class='ocrx_word' id='word_1_242' title='bbox 999 3053 1088 3120; x_wconf 84' lang='lat' dir='ltr'>quam</span> <span class='ocrx_word' id='word_1_243' title='bbox 1106 3041 1187 3102; x_wconf 91' lang='lat' dir='ltr'>illins</span> <span class='ocrx_word' id='word_1_244' title='bbox 1208 3045 1236 3100; x_wconf 91' lang='lat' dir='ltr'>in</span> <span class='ocrx_word' id='word_1_245' title='bbox 1258 3043 1399 3122; x_wconf 81' lang='lat' dir='ltr'>historiis,</span> 
     </span>
     <span class='ocr_line' id='line_1_28' title="bbox 247 3139 1402 3222; baseline 0 -22"><span class='ocrx_word' id='word_1_246' title='bbox 247 3141 296 3202; x_wconf 90' lang='lat' dir='ltr'>bis</span> <span class='ocrx_word' id='word_1_247' title='bbox 328 3145 359 3200; x_wconf 92' lang='lat' dir='ltr'>in</span> <span class='ocrx_word' id='word_1_248' title='bbox 392 3143 472 3220; x_wconf 80' lang='lat' dir='ltr'>uitis,</span> <span class='ocrx_word' id='word_1_249' title='bbox 504 3160 593 3202; x_wconf 88' lang='lat' dir='ltr'>cansa</span> <span class='ocrx_word' id='word_1_250' title='bbox 620 3141 691 3200; x_wconf 87' lang='lat' dir='ltr'>bine</span> <span class='ocrx_word' id='word_1_251' title='bbox 722 3139 895 3221; x_wconf 82' lang='lat' dir='ltr'>explicanda</span> <span class='ocrx_word' id='word_1_252' title='bbox 924 3147 976 3218; x_wconf 84' lang='lat' dir='ltr'>est,</span> <span class='ocrx_word' id='word_1_253' title='bbox 1009 3141 1087 3218; x_wconf 88' lang='lat' dir='ltr'>qnod</span> <span class='ocrx_word' id='word_1_254' title='bbox 1116 3139 1402 3222; x_wconf 53' lang='lat' dir='ltr'>Galb‚a,e‚,„‚lltbonis,‚</span> 
     </span>
     <span class='ocr_line' id='line_1_29' title="bbox 246 3233 1398 3324; baseline 0.003 -27"><span class='ocrx_word' id='word_1_255' title='bbox 246 3241 365 3318; x_wconf 86' lang='lat' dir='ltr'>Vitellii,</span> <span class='ocrx_word' id='word_1_256' title='bbox 390 3240 561 3323; x_wconf 72' lang='lat' dir='ltr'>Vespasiani</span> <span class='ocrx_word' id='word_1_257' title='bbox 588 3257 634 3298; x_wconf 90' lang='lat' dir='ltr'>res</span> <span class='ocrx_word' id='word_1_258' title='bbox 664 3239 943 3322; x_wconf 7' lang='lat' dir='ltr'>litterisiexoeptae</span> <span class='ocrx_word' id='word_1_259' title='bbox 967 3245 1008 3322; x_wconf 60' lang='lat' dir='ltr'>,Gi</span> <span class='ocrx_word' id='word_1_260' title='bbox 1022 3233 1166 3324; x_wconf 76' lang='lat' dir='ltr'>uolgatae</span> <span class='ocrx_word' id='word_1_261' title='bbox 1197 3249 1273 3318; x_wconf 86' lang='lat' dir='ltr'>sunt,</span> <span class='ocrx_word' id='word_1_262' title='bbox 1300 3241 1398 3318; x_wconf 90' lang='lat' dir='ltr'>prins-</span> 
     </span>
     <span class='ocr_line' id='line_1_30' title="bbox 197 3321 1399 3418; baseline 0.002 -19"><span class='ocrx_word' id='word_1_263' title='bbox 197 3350 200 3353; x_wconf 67' lang='lat'>‘</span> <span class='ocrx_word' id='word_1_264' title='bbox 248 3357 339 3418; x_wconf 87' lang='lat' dir='ltr'>quam</span> <span class='ocrx_word' id='word_1_265' title='bbox 368 3338 492 3398; x_wconf 90' lang='lat' dir='ltr'>historia</span> <span class='ocrx_word' id='word_1_266' title='bbox 522 3321 543 3398; x_wconf 26' lang='lat' dir='ltr'>a·</span> <span class='ocrx_word' id='word_1_267' title='bbox 570 3339 679 3398; x_wconf 87' lang='lat' dir='ltr'>Flauiis</span> <span class='ocrx_word' id='word_1_268' title='bbox 707 3343 833 3416; x_wconf 83' lang='lat' dir='ltr'>recepta</span> <span class='ocrx_word' id='word_1_269' title='bbox 860 3345 889 3398; x_wconf 92' lang='lat' dir='ltr'>et</span> <span class='ocrx_word' id='word_1_270' title='bbox 918 3337 1046 3396; x_wconf 87' lang='lat' dir='ltr'>stabilita</span> <span class='ocrx_word' id='word_1_271' title='bbox 1073 3333 1162 3408; x_wconf 87' lang='lat' dir='ltr'>esset.</span> <span class='ocrx_word' id='word_1_272' title='bbox 1179 3377 1181 3380; x_wconf 93' lang='lat'>-</span> <span class='ocrx_word' id='word_1_273' title='bbox 1201 3341 1280 3416; x_wconf 87' lang='lat' dir='ltr'>-qnin</span> <span class='ocrx_word' id='word_1_274' title='bbox 1303 3341 1399 3402; x_wconf 67' lang='lat' dir='ltr'>&#39;&#39;etiam</span> 
     </span>
     <span class='ocr_line' id='line_1_31' title="bbox 249 3423 1399 3516; baseline 0.002 -20"><span class='ocrx_word' id='word_1_275' title='bbox 249 3441 418 3498; x_wconf 78' lang='lat' dir='ltr'>accuratius</span> <span class='ocrx_word' id='word_1_276' title='bbox 451 3435 706 3510; x_wconf 82' lang='lat' dir='ltr'>circumscribere·</span> <span class='ocrx_word' id='word_1_277' title='bbox 730 3439 895 3516; x_wconf 88' lang='lat' dir='ltr'>poterimus</span> <span class='ocrx_word' id='word_1_278' title='bbox 922 3455 1111 3510; x_wconf 82' lang='lat' dir='ltr'>communem</span> <span class='ocrx_word' id='word_1_279' title='bbox 1142 3423 1222 3498; x_wconf 90' lang='lat' dir='ltr'>illum</span> <span class='ocrx_word' id='word_1_280' title='bbox 1248 3447 1399 3498; x_wconf 87' lang='lat' dir='ltr'>auctorem</span> 
     </span>
     <span class='ocr_line' id='line_1_32' title="bbox 248 3535 1399 3616; baseline 0 -20"><span class='ocrx_word' id='word_1_281' title='bbox 248 3545 316 3616; x_wconf 92' lang='lat' dir='ltr'>post</span> <span class='ocrx_word' id='word_1_282' title='bbox 341 3537 483 3596; x_wconf 82' lang='lat' dir='ltr'>Caecinae</span> <span class='ocrx_word' id='word_1_283' title='bbox 507 3539 741 3597; x_wconf 78' lang='lat' dir='ltr'>coniurationem</span> <span class='ocrx_word' id='word_1_284' title='bbox 772 3543 799 3595; x_wconf 90' lang='lat' dir='ltr'>et</span> <span class='ocrx_word' id='word_1_285' title='bbox 825 3543 964 3614; x_wconf 82' lang='lat' dir='ltr'>mortem,</span> <span class='ocrx_word' id='word_1_286' title='bbox 991 3537 1019 3608; x_wconf 49' lang='grc' dir='ltr'>ἰν</span> <span class='ocrx_word' id='word_1_287' title='bbox 1035 3555 1058 3594; x_wconf 91' lang='lat' dir='ltr'>e.</span> <span class='ocrx_word' id='word_1_288' title='bbox 1089 3535 1202 3596; x_wconf 89' lang='lat' dir='ltr'>ultimis</span> <span class='ocrx_word' id='word_1_289' title='bbox 1225 3537 1399 3614; x_wconf 87' lang='lat' dir='ltr'>Vespasiani</span> 
     </span>
     <span class='ocr_line' id='line_1_33' title="bbox 248 3627 1399 3714; baseline 0 -18"><span class='ocrx_word' id='word_1_290' title='bbox 248 3635 432 3714; x_wconf 86' lang='lat' dir='ltr'>temporibus</span> <span class='ocrx_word' id='word_1_291' title='bbox 465 3635 512 3694; x_wconf 88' lang='lat' dir='ltr'>uel</span> <span class='ocrx_word' id='word_1_292' title='bbox 542 3635 598 3696; x_wconf 88' lang='lat' dir='ltr'>sub</span> <span class='ocrx_word' id='word_1_293' title='bbox 613 3635 692 3694; x_wconf 76' lang='lat' dir='ltr'>&#39;Tito</span> <span class='ocrx_word' id='word_1_294' title='bbox 725 3640 775 3696; x_wconf 87' lang='lat' dir='ltr'>res</span> <span class='ocrx_word' id='word_1_295' title='bbox 803 3633 913 3694; x_wconf 88' lang='lat' dir='ltr'>litteris</span> <span class='ocrx_word' id='word_1_296' title='bbox 945 3633 1099 3694; x_wconf 91' lang='lat' dir='ltr'>mandasse</span> <span class='ocrx_word' id='word_1_297' title='bbox 1124 3669 1164 3678; x_wconf 49' lang='grc' dir='ltr'>ψ</span> <span class='ocrx_word' id='word_1_298' title='bbox 1191 3627 1286 3714; x_wconf 77' lang='lat' dir='ltr'>neque</span> <span class='ocrx_word' id='word_1_299' title='bbox 1320 3637 1399 3696; x_wconf 89' lang='lat' dir='ltr'>enim</span> 
     </span>
     <span class='ocr_line' id='line_1_34' title="bbox 249 3721 1401 3812; baseline 0 -18"><span class='ocrx_word' id='word_1_300' title='bbox 249 3742 336 3807; x_wconf 87' lang='lat' dir='ltr'>antea</span> <span class='ocrx_word' id='word_1_301' title='bbox 367 3735 418 3793; x_wconf 92' lang='lat' dir='ltr'>ille</span> <span class='ocrx_word' id='word_1_302' title='bbox 450 3727 690 3812; x_wconf 82' lang='lat' dir='ltr'>repraesentatus</span> <span class='ocrx_word' id='word_1_303' title='bbox 724 3726 887 3810; x_wconf 86' lang='lat' dir='ltr'>consensus</span> <span class='ocrx_word' id='word_1_304' title='bbox 914 3723 996 3812; x_wconf 88' lang='lat' dir='ltr'>apud</span> <span class='ocrx_word' id='word_1_305' title='bbox 1026 3723 1103 3800; x_wconf 87' lang='lat' dir='ltr'>Plut.</span> <span class='ocrx_word' id='word_1_306' title='bbox 1134 3733 1200 3794; x_wconf 85' lang='lat' dir='ltr'>Otb.</span> <span class='ocrx_word' id='word_1_307' title='bbox 1224 3729 1243 3792; x_wconf 82' lang='lat'>6</span> <span class='ocrx_word' id='word_1_308' title='bbox 1275 3721 1401 3794; x_wconf 52' lang='lat' dir='ltr'>et&#39;Taoss</span> 
     </span>
     <span class='ocr_line' id='line_1_35' title="bbox 249 3817 1399 3912; baseline -0.003 -20"><span class='ocrx_word' id='word_1_309' title='bbox 249 3833 316 3892; x_wconf 79' lang='lat' dir='ltr'>bist.</span> <span class='ocrx_word' id='word_1_310' title='bbox 338 3830 429 3912; x_wconf 73' lang='lat'>1533</span> <span class='ocrx_word' id='word_1_311' title='bbox 455 3817 659 3912; x_wconf 58' lang='grc'><strong>61551120</strong></span> <span class='ocrx_word' id='word_1_312' title='bbox 681 3841 739 3893; x_wconf 85' lang='lat' dir='ltr'>tam</span> <span class='ocrx_word' id='word_1_313' title='bbox 761 3831 868 3894; x_wconf 61' lang='lat' dir='ltr'>seuere,</span> <span class='ocrx_word' id='word_1_314' title='bbox 894 3831 926 3892; x_wconf 89' lang='lat' dir='ltr'>de</span> <span class='ocrx_word' id='word_1_315' title='bbox 948 3831 1066 3894; x_wconf 89' lang='lat' dir='ltr'>bomine</span> <span class='ocrx_word' id='word_1_316' title='bbox 1091 3825 1303 3912; x_wconf 87' lang='lat' dir='ltr'>potentissimo</span> <span class='ocrx_word' id='word_1_317' title='bbox 1323 3833 1399 3894; x_wconf 55' lang='lat' dir='ltr'>indi:</span> 
     </span>
    </p>
   </div>
   <div class='ocr_carea' id='block_1_3' title="bbox 248 4029 1400 4494">
    <p class='ocr_par' dir='ltr' id='par_1_3' title="bbox 248 4029 1400 4494">
     <span class='ocr_line' id='line_1_36' title="bbox 340 4029 1398 4104; baseline 0 -18"><span class='ocrx_word' id='word_1_318' title='bbox 340 4035 364 4102; x_wconf 75' lang='lat'>1)</span> <span class='ocrx_word' id='word_1_319' title='bbox 382 4031 493 4086; x_wconf 72' lang='lat' dir='ltr'>Rustici</span> <span class='ocrx_word' id='word_1_320' title='bbox 506 4035 652 4102; x_wconf 76' lang='lat' dir='ltr'>patronus,</span> <span class='ocrx_word' id='word_1_321' title='bbox 663 4033 718 4086; x_wconf 79' lang='lat' dir='ltr'>etsi</span> <span class='ocrx_word' id='word_1_322' title='bbox 731 4031 899 4086; x_wconf 72' lang='lat' dir='ltr'>dubitanter</span> <span class='ocrx_word' id='word_1_323' title='bbox 910 4029 1020 4086; x_wconf 77' lang='lat' dir='ltr'>exstilib</span> <span class='ocrx_word' id='word_1_324' title='bbox 1029 4029 1121 4100; x_wconf 81' lang='lat' dir='ltr'>Groag</span> <span class='ocrx_word' id='word_1_325' title='bbox 1134 4033 1160 4104; x_wconf 86' lang='lat' dir='ltr'>(l.</span> <span class='ocrx_word' id='word_1_326' title='bbox 1176 4049 1198 4086; x_wconf 87' lang='lat' dir='ltr'>s.</span> <span class='ocrx_word' id='word_1_327' title='bbox 1213 4051 1238 4102; x_wconf 89' lang='lat' dir='ltr'>p.</span> <span class='ocrx_word' id='word_1_328' title='bbox 1257 4037 1306 4086; x_wconf 82' lang='grc'>190</span> <span class='ocrx_word' id='word_1_329' title='bbox 1319 4035 1398 4102; x_wconf 79' lang='lat' dir='ltr'>sqq.&gt;.</span> 
     </span>
     <span class='ocr_line' id='line_1_37' title="bbox 341 4107 1397 4182; baseline -0.001 -14"><span class='ocrx_word' id='word_1_330' title='bbox 341 4117 366 4182; x_wconf 78' lang='lat'>2)</span> <span class='ocrx_word' id='word_1_331' title='bbox 384 4113 433 4166; x_wconf 80' lang='lat' dir='ltr'>Ex.</span> <span class='ocrx_word' id='word_1_332' title='bbox 444 4131 485 4182; x_wconf 82' lang='lat' dir='ltr'>gr.</span> <span class='ocrx_word' id='word_1_333' title='bbox 496 4131 628 4182; x_wconf 81' lang='lat' dir='ltr'>compara</span> <span class='ocrx_word' id='word_1_334' title='bbox 644 4115 677 4166; x_wconf 88' lang='lat' dir='ltr'>de</span> <span class='ocrx_word' id='word_1_335' title='bbox 692 4107 769 4167; x_wconf 85' lang='lat' dir='ltr'>bello</span> <span class='ocrx_word' id='word_1_336' title='bbox 784 4113 997 4166; x_wconf 84' lang='lat' dir='ltr'>Garamanbinm</span> <span class='ocrx_word' id='word_1_337' title='bbox 1012 4113 1119 4166; x_wconf 72' lang='lat' dir='ltr'>Plinii</span> <span class='ocrx_word' id='word_1_338' title='bbox 1136 4119 1167 4168; x_wconf 78' lang='lat'>38</span> <span class='ocrx_word' id='word_1_339' title='bbox 1183 4115 1213 4166; x_wconf 85' lang='lat' dir='ltr'>ei</span> <span class='ocrx_word' id='word_1_340' title='bbox 1226 4113 1289 4168; x_wconf 83' lang='lat' dir='ltr'>Tac</span> <span class='ocrx_word' id='word_1_341' title='bbox 1300 4113 1340 4168; x_wconf 86' lang='lat' dir='ltr'>IV</span> <span class='ocrx_word' id='word_1_342' title='bbox 1354 4119 1397 4168; x_wconf 82' lang='lat'>50.</span> 
     </span>
     <span class='ocr_line' id='line_1_38' title="bbox 341 4193 1400 4264; baseline 0.002 -18"><span class='ocrx_word' id='word_1_343' title='bbox 341 4197 366 4264; x_wconf 86' lang='lat'>3)</span> <span class='ocrx_word' id='word_1_344' title='bbox 385 4195 498 4248; x_wconf 76' lang='grc' dir='ltr'>ι’νιιιονιιο</span> <span class='ocrx_word' id='word_1_345' title='bbox 523 4195 600 4264; x_wconf 80' lang='lat' dir='ltr'>opud</span> <span class='ocrx_word' id='word_1_346' title='bbox 617 4197 748 4264; x_wconf 76' lang='lat' dir='ltr'>qtcosdoao</span> <span class='ocrx_word' id='word_1_347' title='bbox 767 4203 890 4249; x_wconf 81' lang='lat' dir='ltr'>otrctores</span> <span class='ocrx_word' id='word_1_348' title='bbox 909 4193 932 4246; x_wconf 93' lang='lat' dir='ltr'>Il</span> <span class='ocrx_word' id='word_1_349' title='bbox 944 4197 993 4260; x_wconf 75' lang='grc'>31,</span> <span class='ocrx_word' id='word_1_350' title='bbox 1014 4197 1156 4264; x_wconf 79' lang='lat' dir='ltr'>scro&#39;ptores</span> <span class='ocrx_word' id='word_1_351' title='bbox 1174 4197 1400 4262; x_wconf 64' lang='lat' dir='ltr'>decimarumque*</span> 
     </span>
     <span class='ocr_line' id='line_1_39' title="bbox 249 4275 1399 4344; baseline 0 -14"><span class='ocrx_word' id='word_1_352' title='bbox 249 4307 285 4315; x_wconf 87' lang='lat'>—</span> <span class='ocrx_word' id='word_1_353' title='bbox 299 4281 505 4344; x_wconf 61' lang='lat' dir='ltr'>coraposito-ant</span> <span class='ocrx_word' id='word_1_354' title='bbox 519 4275 544 4328; x_wconf 92' lang='grc'>11</span> <span class='ocrx_word' id='word_1_355' title='bbox 559 4281 618 4341; x_wconf 84' lang='grc'><strong>101,</strong></span> <span class='ocrx_word' id='word_1_356' title='bbox 633 4293 724 4330; x_wconf 81' lang='lat' dir='ltr'>otnrtes</span> <span class='ocrx_word' id='word_1_357' title='bbox 736 4281 859 4330; x_wconf 73' lang='lat' dir='ltr'>octodorus</span> <span class='ocrx_word' id='word_1_358' title='bbox 873 4275 912 4326; x_wconf 91' lang='grc'>111</span> <span class='ocrx_word' id='word_1_359' title='bbox 927 4281 970 4340; x_wconf 78' lang='grc'>29,</span> <span class='ocrx_word' id='word_1_360' title='bbox 984 4275 1165 4330; x_wconf 79' lang='lat' dir='ltr'>celeberrimos</span> <span class='ocrx_word' id='word_1_361' title='bbox 1179 4281 1300 4332; x_wconf 83' lang='lat' dir='ltr'>unctores</span> <span class='ocrx_word' id='word_1_362' title='bbox 1315 4277 1399 4330; x_wconf 81' lang='lat' dir='ltr'>babeo</span> 
     </span>
     <span class='ocr_line' id='line_1_40' title="bbox 248 4355 1399 4424; baseline 0.003 -18"><span class='ocrx_word' id='word_1_363' title='bbox 248 4355 289 4408; x_wconf 88' lang='grc' dir='ltr'>ΠΙ</span> <span class='ocrx_word' id='word_1_364' title='bbox 306 4364 351 4422; x_wconf 79' lang='lat'>51,</span> <span class='ocrx_word' id='word_1_365' title='bbox 368 4359 470 4410; x_wconf 65' lang='lat' dir='ltr'>nostras</span> <span class='ocrx_word' id='word_1_366' title='bbox 487 4357 646 4410; x_wconf 67' lang='lat' dir='ltr'>coactoribus</span> <span class='ocrx_word' id='word_1_367' title='bbox 663 4358 793 4410; x_wconf 79' lang='lat' dir='ltr'>celebrato</span> <span class='ocrx_word' id='word_1_368' title='bbox 807 4355 847 4408; x_wconf 80' lang='lat' dir='ltr'>ir</span> <span class='ocrx_word' id='word_1_369' title='bbox 865 4359 910 4422; x_wconf 87' lang='grc'>83,</span> <span class='ocrx_word' id='word_1_370' title='bbox 926 4357 1049 4424; x_wconf 63' lang='lat' dir='ltr'>pleroma</span> <span class='ocrx_word' id='word_1_371' title='bbox 1070 4365 1192 4410; x_wconf 82' lang='lat' dir='ltr'>ccrtcdores</span> <span class='ocrx_word' id='word_1_372' title='bbox 1210 4355 1229 4408; x_wconf 79' lang='lat' dir='ltr'>V</span> <span class='ocrx_word' id='word_1_373' title='bbox 1251 4365 1275 4424; x_wconf 78' lang='lat'>2,</span> <span class='ocrx_word' id='word_1_374' title='bbox 1297 4363 1399 4410; x_wconf 79' lang='lat' dir='ltr'>caeteros</span> 
     </span>
     <span class='ocr_line' id='line_1_41' title="bbox 250 4435 1399 4494; baseline -0.003 -4"><span class='ocrx_word' id='word_1_375' title='bbox 250 4443 372 4494; x_wconf 68' lang='lat' dir='ltr'>auderes</span> <span class='ocrx_word' id='word_1_376' title='bbox 388 4435 411 4487; x_wconf 92' lang='lat' dir='ltr'>V</span> <span class='ocrx_word' id='word_1_377' title='bbox 431 4441 455 4488; x_wconf 80' lang='grc'>6.</span> <span class='ocrx_word' id='word_1_378' title='bbox 1398 4469 1399 4472; x_wconf 55' lang='lat'><em>=</em></span> 
     </span>
    </p>
   </div>
   <div class='ocr_carea' id='block_1_4' title="bbox 0 0 1623 4950">
    <p class='ocr_par' dir='ltr' id='par_1_4' title="bbox 0 0 1623 4950">
     <span class='ocr_line' id='line_1_42' title="bbox 0 0 1623 4950; baseline 0 0"><span class='ocrx_word' id='word_1_379' title='bbox 0 0 1623 4950; x_wconf 95' lang='lat' dir='ltr'> </span> 
     </span>
    </p>
   </div>
  </div>
 </body>
</html>
