3234 4950
256 371 365 416 LXXVI
501 351 550 402 DE
569 349 800 404 SCRIPTORVM
818 349 912 402 VlTlS
931 349 977 402 ΕΤ
997 347 1153 402 SUMPTIS

254 526 433 594 sequuntur,
457 525 557 576 tamen
584 519 616 576 in
644 520 818 576 uniuersum
849 519 968 574 omnino
1001 515 1073 574 01100
1106 521 1181 574 sunt.
1225 517 1322 592 itaque
1355 513 1403 572 illa

254 615 378 692 Augusti
397 615 476 692 apud
495 615 684 674 Scribonium
701 615 751 676 uel
770 613 940 674 Marcellum
966 615 1116 674 mentione
1135 609 1402 672 ‘Pseudo-Plinius’

253 717 384 792 quinque
415 715 545 774 triumue
573 713 759 774 saeculorum
789 713 882 788 spatio
912 717 978 790 post
1005 711 1146 770 inductus
1172 729 1236 768 esse
1260 711 1333 768 mihi
1357 711 1402 768 ui-

253 811 348 888 detur,
367 819 402 870 ut
422 819 450 870 et
469 831 580 871 nouum
600 811 849 870 medicamentum
869 809 904 868 ad
924 809 1065 886 caligines
1087 807 1238 868 oculorum
1256 807 1402 868 sanandas

251 927 287 966 ox
315 909 412 968 obuiis
439 909 573 986 partibus
602 915 794 986 componeret
817 899 921 990 (etiam
944 909 1035 984 pyxin
1059 907 1194 984 Cypriam
1222 905 1297 984 apud
1322 905 1401 964 Sori-

250 1005 373 1066 bonium
397 1026 422 1066 c.
441 1005 482 1067 37
505 1001 666 1090 habemus)
690 1015 733 1085 et,
760 1023 828 1066 eum
854 1001 894 1064 ‘et
923 1007 1032 1082 recipit
1057 1001 1122 1064 hoo’
1151 1023 1216 1064 cnm
1245 1021 1280 1062 00
1306 1003 1401 1064 uerbo

250 1105 328 1182 quod
358 1107 506 1164 antecedit
533 1103 618 1166 ‘usus
646 1101 702 1164 est'
733 1107 927 1182 coniungeret
959 1111 988 1162 ot
1015 1121 1170 1182 perperam
1205 1101 1401 1182 intellegeret,

249 1205 531 1264 commentariorum
555 1207 730 1262 auctoritate
752 1201 937 1280 gloriaretur.
970 1221 1065 1280 neque
1091 1209 1187 1260 tamen
1215 1221 1248 1260 00
1277 1201 1399 1278 Augusti

248 1301 482 1378 fragmentorum
513 1319 639 1362 numero
672 1307 705 1360 ut
737 1303 768 1360 in
801 1299 915 1360 lubrica
947 1299 1002 1358 hac
1021 1299 1071 1360 da
1103 1299 1398 1360 Pseudo-Pliniorum

248 1404 384 1476 personis
404 1402 577 1478 quaestione
596 1401 652 1458 lroc
672 1401 792 1458 omnino
814 1397 972 1476 explodere
995 1417 1085 1458 ausus
1110 1417 1182 1458 sum.

337 1497 483 1576 Superest
503 1507 538 1558 ut
560 1497 714 1557 alterius
742 1499 864 1575 operis
891 1497 1062 1556 historici
1091 1499 1294 1556 testimonium
1318 1497 1398 1576 quod

246 1615 338 1656 uuum
368 1595 510 1656 habemus
539 1614 714 1674 proponam:
744 1597 823 1654 Suet.
850 1595 991 1656 Claudi
1029 1597 1116 1666 Quod
1138 1599 1276 1668 equidem
1299 1599 1397 1668 rudqts

246 1713 285 1752 ue
306 1701 600 1770 praetermitterem)
627 1699 744 1764 rettuli,
774 1713 864 1768 quam
892 1699 966 1768 quia
994 1713 1102 1752 uerum
1129 1701 1183 1752 aad
1207 1697 1397 1754 uerisimile

239 1802 359 1868 000000,
382 1811 450 1852 000
475 1797 630 1867 Auqustus
658 1802 742 1852 tauto
765 1809 858 1866 opere
881 1797 1039 1852 01010000
1061 1789 1210 1870 [Drusum
1235 1793 1309 1852 09.
1333 1791 1396 1850 745

245 1895 277 1950 iu
307 1893 472 1950 Germania
495 1887 661 1968 mortuum]
684 1893 837 1964 dilexerit,
862 1897 894 1950 ut
919 1893 1096 1950 coheredem
1114 1907 1232 1964 semper
1250 1893 1324 1962 litiis
1349 1893 1393 1948 tu-

243 1993 385 2064 str‘tuerr‘t
413 1993 495 2048 sicut
520 1991 673 2064 quondam
700 1993 733 2048 iu
759 1997 868 2048 acuatu
890 1989 1050 2064 professus
1077 1995 1128 2062 est,
1161 1997 1188 2048 et
1218 1989 1394 2064 defunctum

243 2091 288 2146 r'tu
305 2105 367 2162 pro
390 2091 531 2146 0000000
555 2089 741 2160 tdudauerr't
759 2094 794 2146 ut
813 2089 882 2146 deos
900 2093 1050 2162 precatus
1072 2091 1119 2160 stt,
1137 2091 1248 2146 studes
1268 2091 1297 2148 et
1319 2087 1392 2148 Cae·

241 2203 329 2244 sures
361 2203 432 2244 suos
457 2186 602 2261 facerent
631 2187 750 2258 sibique
783 2193 844 2244 tam
875 2187 1032 2244 deuectum
1064 2187 1245 2258 quandoque
1280 2191 1393 2244 cattum

242 2285 354 2344 durent
380 2301 471 2358 quam
498 2288 546 2344 dd
574 2287 737 2344 dedissent.
773 2301 831 2342 000
856 2291 1013 2342 contentus
1038 2287 1167 2358 eloqr'uru
1190 2289 1302 2344 tuuuto
1328 2289 1393 2346 etue

241 2385 381 2442 uersibus
396 2401 417 2441 a
430 2401 463 2442 00
481 2386 651 2458 compositis
670 2385 872 2458 inoculatione,
893 2387 984 2442 etiam
1004 2387 1087 2442 uitae
1107 2387 1281 2442 memoriam
1293 2401 1391 2460 prosu

241 2487 381 2541 oratioue
406 2488 580 2557 composuit.
623 2482 654 2539 in
678 2500 736 2557 qua
752 2489 856 2541 utrum
878 2484 972 2557 magis
996 2480 1084 2539 Drusi
1109 2482 1201 2539 amori
1228 2488 1255 2539 et
1280 2500 1389 2541 memo-

242 2581 304 2639 riae
327 2600 366 2639 an
388 2598 459 2639 snae
485 2598 590 2639 causae
615 2586 643 2638 et
668 2582 795 2659 imperio
817 2578 975 2639 indulserit
998 2580 1158 2639 nescimus,

543 2990 576 3061 C.
608 2990 796 3061 ninnive
824 2988 1083 3061 MAECENAS

325 3166 455 3227 Historia
471 3172 526 3228 etsi
542 3172 662 3229 omnino
677 3188 692 3229 0
706 3170 884 3229 Maecenatis
900 3170 1019 3247 ingenio
1041 3188 1072 3229 ac
1095 3170 1208 3229 deliciis
1227 3169 1385 3229 abhorrere

165 3289 168 3293 ·
237 3264 800 3345 00101000000010000000000001
821 3266 973 3327 scribendi
994 3266 1124 3325 deditum
1146 3268 1239 3327 luisse
1262 3268 1385 3329 Seruius

237 3366 279 3423 ud
294 3364 588 3439 1000010000οἨ
598 3366 639 3423 41
656 3364 819 3427 aduolauit:
840 3368 962 3427 Constat
974 3366 1182 3427 Maecenatem
1193 3366 1292 3443 fur'sse
1306 3372 1383 3427 titte-

235 3481 342 3523 rarum
355 3468 493 3539 peritura
511 3474 541 3523 et
551 3467 648 3541 plura
669 3468 870 3541 composuisse
885 3468 1033 3523 0000100.
1061 3484 1131 3523 uam
1148 3468 1238 3523 etiam
1252 3466 1385 3541 Auquota'

239 3562 381 3622 Caesaris
401 3569 491 3635 qesta
514 3566 685 3637 descripsitj
706 3566 789 3637 quod
805 3570 934 3623 testatur
953 3564 1102 3623 Horatius
1124 3568 1243 3623 diceus:
1267 3560 1383 3639 ‘Tuque

235 3667 264 3719 et
288 3678 315 3733 q.
332 3658 368 3719 a?
399 3677 507 3737 parum
530 3666 611 3721 recte
634 3666 735 3721 tamen
757 3660 911 3719 Horatium
932 3664 1040 3733 (carae,
1056 3662 1095 3719 H
1111 3662 1162 3735 12,
1178 3660 1211 3735 9)
1238 3664 1382 3739 interpre-

235 3765 313 3817 tatus
336 3765 389 3835 est,
415 3760 465 3835 qui
489 3766 522 3817 ut
545 3758 699 3817 Octauiani
724 3760 867 3817 uictorias
890 3758 1071 3817 carminibus
1097 3758 1237 3837 laudaret
1263 3768 1381 3839 rogatus

235 3874 291 3915 nec
314 3858 475 3915 memoriae
495 3856 642 3915 Romanae
667 3866 717 3915 aut
736 3856 900 3917 tabularum
921 3856 1099 3917 Graecarum
1118 3860 1279 3917 certamina
1300 3856 1380 3919 ‘met-

232 3958 312 4015 lr'dus
343 3958 449 4031 aptari
481 3958 621 4015 er‘tdarue
652 3952 759 4015 uradr'r'
790 3954 988 4015 Maecenatem
1015 3956 1094 4015 uelle
1122 3958 1243 4033 opponit
1268 3964 1296 4015 01
1320 3958 1380 4017 dic·

232 4060 332 4112 turum
367 4048 569 4129 pedestribus
602 4056 739 4114 distortis
763 4060 888 4129 praeda
922 4056 1062 4115 Caesaris
1095 4060 1199 4115 arelius
1230 4058 1380 4131 ductaque

224 4168 288 4225 per
311 4156 380 4211 utus
397 4156 504 4225 requru
524 4156 603 4213 cotta
621 4150 807 4230 01000000οζ
827 4170 859 4213 se
878 4156 977 4231 potius
997 4172 1011 4209 0
1031 4152 1113 4213 Musa
1131 4156 1245 4213 iussum
1266 4152 1379 4231 Licym-

232 4250 313 4307 niam
334 4247 513 4309 Maecenatis
541 4268 665 4309 uxorem
692 4250 829 4309 uersibus
860 4252 1076 4311 celebraturum
1107 4270 1180 4311 esse.
1219 4254 1317 4329 itaque
1343 4270 1377 4309 ne

231 4344 362 4407 uoluisse
389 4346 511 4425 quidem
540 4366 608 4409 eum
635 4350 735 4407 animo
761 4348 835 4407 illud
866 4342 1019 4409 eonsilium
1055 4368 1090 4409 ex
1122 4348 1185 4409 1000
1219 4348 1377 4411 Horatiano
