3234 4950
615 337 642 390 (i.
665 337 784 390 VIBIVS
803 337 972 390 MAXIMVS
1262 361 1368 408 CLXXI

219 507 337 568 nomine
366 504 469 582 gentili
496 505 634 566 utebatur
665 513 749 584 atque
781 509 932 586 superiore
963 515 1055 566 aetate
1084 509 1285 586 principatum
1307 507 1366 568 elo·

220 605 357 684 quentiae
375 621 442 664 eum
457 603 584 664 Domitio
600 603 670 664 Atro
687 603 807 666 tenebat
825 613 860 666 ut
872 609 936 684 ipso
953 625 1022 666 oum
1035 605 1070 666 bl.
1083 605 1161 684 Apro
1176 609 1221 678 (u.
1232 609 1303 666 dicti.
1317 607 1367 666 15.

223 705 320 776 Quint.
343 703 392 780 IO,
415 703 536 776 1,]18.
560 705 683 780 Prosop.
701 705 740 762 II
751 723 786 780 p.
802 705 867 762 160
885 723 915 762 n.
930 705 995 778 80),
1036 707 1109 764 stite
1137 707 1229 782 igitur
1254 705 1366 764 Afric-a-

219 821 289 864 uum
314 801 510 882 Nipperdeius
531 803 560 862 in
581 821 625 882 op.
642 821 670 880 p.
686 799 750 862 284
767 821 808 882 sq.
828 821 882 882 pro
903 804 1040 882 Asiatico,
1059 823 1133 882 quae
1155 811 1199 864 est
1222 803 1366 864 bbrorum

221 901 375 978 scriptura,
400 899 560 960 substituit.

672 1097 717 1104 aaa..
721 1097 912 1106 ...ψ

546 1331 579 1404 O.
603 1329 758 1404 VIBIVS
789 1331 1008 1404 MAXIMVS
1019 1328 1045 1416 ¹)

308 1511 375 1572 Fuit
402 1511 449 1572 bio
481 1531 569 1590 eques
599 1513 748 1572 Romanus
778 1513 890 1574 amiens
915 1521 943 1572 et
966 1513 1082 1592 PapInii
1106 1513 1199 1592 statii,
1224 1517 1276 1592 qui
1299 1533 1366 1574 eum

219 1607 259 1672 tet
285 1611 434 1688 dignitatis
459 1619 488 1672 et
511 1605 706 1690 eloquentiae’
733 1613 852 1672 nomine
875 1610 979 1672 dilexit
1001 1619 1032 1672 et
1056 1613 1228 1692 priusquam
1256 1612 1366 1690 ederet,

219 1709 397 1770 Thebaidem
429 1729 495 1770 rum
523 1711 648 1788 epistula
676 1707 711 1770 ad
736 1729 802 1770 eum
825 1713 909 1770 misit
931 1713 1013 1784 (stlta
1034 1713 1055 1770 I
1058 1713 1087 1769 V
1101 1709 1160 1788 [ed.
1179 1731 1202 1770 a.
1225 1707 1365 1792 bostat]

210 1809 332 1888 pruefi;
360 1811 385 1884 7,
405 1809 472 1888 25),
498 1817 526 1868 et
545 1809 653 1870 Valerii
677 1809 827 1887 blartialiq
853 1811 904 1888 qui
928 1809 963 1868 ad
987 1829 1054 1869 eum
1072 1811 1203 1870 earmina
1224 1809 1367 1889 (quaedam

218 1911 301 1968 misit
312 1911 377 1982 (XI
389 1905 745 1988 [edmbeuatllisttti]
759 1909 832 1984 106,
847 1913 979 1984 fortusse
993 1911 1084 1968 etium
1098 1911 1117 1968 I
1128 1903 1312 1989 [edssbtssti]
1323 1911 1367 1986 7),

219 2009 344 2088 denique
369 2007 456 2068 Plinii
480 2007 617 2086 minoris
641 2009 691 2086 qui
716 2007 753 2066 lll
778 1999 860 2088 Sta.
880 2001 959 2089 101)
985 2007 1019 2066 ab
1044 2025 1078 2066 eo
1107 2025 1161 2086 pro
1184 2009 1280 2068 amieo
1303 2025 1366 2068 rem

219 2105 415 2184 ‘splendidam
446 2125 502 2166 nee
535 2103 700 2166 molestam'
732 2107 825 2184 petiit.
868 2113 956 2184 atque
990 2105 1117 2183 dignitas
1150 2106 1270 2184 quidem
1302 2109 1367 2166 eius

219 2199 437 2288 (praetenturae
470 2207 500 2266 in
530 2205 625 2286 Syria,
660 2205 790 2264 eolrortis
821 2207 928 2264 tertiae
955 2203 1128 2283 Alpinorum
1162 2207 1190 2263 in
1224 2205 1367 2266 Delmatia

219 2325 244 2364 a.
264 2297 398 2384 balatu,
420 2303 543 2384 Aegypti
566 2323 589 2364 a.
613 2299 690 2388 104)
714 2307 822 2382 partim
848 2323 882 2364 ex
908 2303 1000 2364 Statio
1028 2305 1135 2382 partim
1161 2323 1195 2364 er
1219 2303 1367 2382 lapidibus

217 2405 394 2485 puppisque
430 2409 544 2466 tuirstat
573 2403 712 2481 (Prosop.
735 2403 792 2464 HI
808 2423 842 2480 p.
862 2403 929 2462 423
954 2422 984 2464 a,
1002 2403 1098 2483 389),
1130 2403 1298 2483 eloquentia
1330 2423 1367 2464 er

219 2504 328 2581 fauore,
351 2520 407 2583 quo
429 2504 562 2563 homines
583 2502 684 2563 dootos
703 2502 824 2581 adiuuit,
846 2512 875 2563 et
894 2520 929 2563 ex
952 2502 1039 2580 libro,
1062 2522 1120 2581 quo
1141 2500 1240 2563 ‘omne
1263 2504 1368 2565 mundi

219 2604 334 2665 senium
364 2620 516 2663 remensus
546 2620 613 2663 orsa
640 2602 760 2661 Sallusti
795 2611 823 2661 et
852 2602 967 2661 Timaui
999 2600 1097 2662 reddit
1128 2598 1307 2680 alumnum',
1334 2611 1367 2663 ut

219 2702 329 2761 Statius
358 2704 424 2761 situ.
444 2702 464 2761 I
469 2702 495 2759 V
511 2702 538 2777 7,
560 2704 601 2761 54
617 2720 677 2779 spo.
701 2698 867 2779 praedicat,
892 2708 928 2759 ut
954 2700 1034 2761 filius
1062 2700 1149 2761 modo
1181 2710 1268 2761 natus
1299 2710 1367 2763 ante

218 2800 354 2861 militiam
383 2800 449 2859 inde
480 2806 559 2861 artes
586 2802 679 2877 patris
708 2798 803 2859 disoat
825 2798 967 2877 suadens,
991 2800 1069 2879 quod
1095 2799 1226 2861 studium
1248 2800 1367 2861 Liuium

219 2902 250 2959 in
273 2900 424 2979 epitomen
447 2898 600 2977 redigendi
625 2910 685 2959 tum
708 2898 863 2977 uulgatum
885 2898 979 2959 fuisse
1002 2918 1039 2959 ex
1056 2897 1197 2959 Martialis
1223 2900 1367 2977 epigram·

219 3006 298 3059 mate
321 2996 384 3057 XIV
405 2992 468 3059 190
493 2992 646 3083 constatl)

311 3226 334 3289 1)
354 3224 461 3277 Nomen
483 3224 557 3295 apud
576 3222 697 3277 Statium
717 3224 761 3277 uel
781 3224 812 3277 iu
830 3224 945 3279 Vin-itum
963 3224 1009 3277 uel
1027 3224 1058 3277 in
1073 3226 1187 3279 Vinium
1206 3228 1368 3295 corruptum

218 3304 343 3359 restituit
363 3304 439 3359 Nohl
456 3304 548 3359 Herm.
567 3310 597 3357 12
618 3318 642 3375 pt
660 3310 719 3359 517.

311 3388 334 3455 i)
355 3388 385 3441 In
405 3384 586 3439 adnotatione
609 3384 676 3439 satis
695 3386 749 3439 erit
766 3385 929 3439 nominasse
947 3384 1086 3439 Canium
1110 3386 1232 3441 Rufum
1250 3386 1367 3441 Gadita·

218 3484 294 3533 num‚
315 3484 397 3535 quem
416 3470 448 3521 ut
466 3466 612 3537 egregium
630 3466 820 3519 fabulatorem
837 3466 938 3521 laudat
955 3466 1097 3521 Martialis
1118 3468 1225 3521 amisus
1243 3468 1366 3534 H164‚6

220 3550 249 3601 et
276 3564 385 3615 semper
416 3548 554 3601 ridentem
586 3546 680 3601 omnia
709 3564 814 3617 genera
839 3548 934 3617 poesie
964 3550 1087 3602 tractare
1120 3564 1202 3617 posse
1236 3548 1368 3617 opinatur

93 3592 95 3629 t
151 3654 153 3657 ·
220 3628 268 3697 (iii
288 3634 329 3695 ab,
350 3646 384 3681 ex
402 3644 427 3681 a.
444 3630 540 3701 Sistit)
573 3628 642 3683 tiam
662 3628 852 3697 interrogans:
872 3630 1003 3685 Vtrumne
1020 3632 1124 3685 chartis
1140 3632 1229 3684 trudit
1246 3630 1292 3683 itte
1309 3630 1367 3685 atio·

219 3710 289 3763 tetras
314 3710 442 3779 Lepeodu
465 3716 615 3777 tetrtporuro
637 3716 699 3763 uoto
725 3710 962 3763 Claudio-reorum?
996 3712 1044 3763 Aa
1065 3728 1134 3779 quoe
1153 3712 1260 3764 Neroni
1278 3712 1368 3776 falsus

220 3794 320 3845 ostrttrt
338 3788 474 3859 scriptor?
490 3792 574 3859 (rente
592 3790 793 3859 interpretatus
813 3790 856 3843 est
870 3790 913 3841 W.
925 3788 1035 3845 Gilbert
1050 3790 1184 3843 Fleckeis.
1198 3796 1248 3843 135
1263 3796 1367 3859 p⁴1443

219 3890 247 3925 u.
263 3870 361 3925 (iasub,
378 3870 442 3925 Litt.
457 3870 469 3923 I
491 3874 559 3941 319),
591 3874 687 3925 utrum
703 3874 800 3925 tamen
818 3887 883 3925 uere
901 3869 933 3923 in
949 3870 1074 3925 historiis
1095 3870 1250 3925 scribendis
1272 3888 1367 3925 uersa·

220 3954 265 4005 tus
290 3968 326 4005 an
348 3952 476 4005 uersibus
503 3950 645 4005 dioaoibus
671 3952 699 4005 in
719 3952 860 4005 Neronem
877 3952 1005 4005 inuentus
1024 3952 1062 4004 sit
1080 3952 1192 4005 Claudii
1210 3969 1254 4003 res
1272 3969 1367 4021 perse·

222 4034 302 4087 sutus
322 4030 434 4087 omnino
453 4030 570 4087 dubium
588 4036 637 4087 est,
