3234 4950
176 439 179 444 ’
215 430 257 491 12
579 426 617 478 ti.
632 426 793 478 TllltthTl
814 424 997 479 VARRONIS

212 598 277 674 tuit,
302 598 381 655 inter
403 596 567 673 scriptores
588 592 732 653 historiae
754 612 815 653 non
839 594 989 655 conuenit.
1013 592 1086 653 Nam
1108 594 1195 651 Varro
1223 594 1292 653 inde
1315 612 1364 651 ex·

140 714 161 751 6.
176 700 196 751 2
214 714 301 753 orsus
328 702 375 753 est
401 692 519 771 librum,
550 693 634 753 cuius
661 694 842 753 mentionem
876 694 1013 771 superius
1045 692 1110 763 leci,
1143 698 1174 751 et
1196 690 1271 751 nihil
1300 690 1365 769 sihi,

212 812 251 853 ex
273 812 330 871 quo
355 792 511 871 perueniat
530 790 567 849 ad
586 808 634 850 res
652 790 809 869 Romanas,
827 792 967 869 proponit
991 792 1140 867 antiquius
1166 806 1252 867 quami
1273 788 1365 867 Ogygi

213 890 369 969 diluuium,
392 890 449 949 hoc
472 898 518 949 est
541 888 636 967 Ogygi
658 888 767 949 factum
793 888 985 969 temporibus.

305 982 357 1051 51³.
386 990 471 1047 Luct.
489 990 572 1047 Pluc.
586 990 630 1047 661
646 988 723 1047 Suu
742 988 831 1049 Theb.
850 990 871 1047 I
885 988 949 1047 173
971 990 1010 1065 (p.
1027 988 1069 1047 22
1089 990 1224 1059 ,16166161
1240 986 1364 1065 Ogyges,
1393 1008 1405 1045 6

116 1148 120 1155 ,
211 1093 248 1147 ut
264 1086 356 1145 Varro
382 1086 467 1145 docet
492 1088 521 1145 in
546 1086 630 1145 libris
655 1086 802 1161 degente
824 1086 927 1165 populi
948 1086 1084 1163 Romani,
1107 1104 1157 1145 rex
1179 1084 1364 1145 1611116666-

212 1204 333 1263 norum,
369 1184 423 1245 suh
451 1204 510 1263 quo
541 1186 672 1262 primum
701 1182 846 1245 diluuium
876 1184 1066 1263 estfactum,
1091 1182 1176 1261 longe
1205 1188 1364 1261 antequam

210 1282 294 1359 illud,
318 1284 396 1361 qnod
420 1284 474 1341 suh
499 1281 676 1341 Deucalione
698 1280 809 1341 iactum
832 1300 897 1341 esse
924 1290 1068 1341 narratur.

302 1376 334 1443 e.
360 1384 546 1455 66666666
569 1380 817 1441 616.61.ΧΧῙ8
846 1380 897 1441 Est
926 1384 955 1441 16
986 1380 1074 1439 116661
1100 1380 1239 1439 Varronis
1265 1380 1361 1459 libris,

211 1498 339 1559 quorum
358 1482 513 1557 inscriptio
533 1487 579 1539 est
599 1478 634 1539 de
653 1484 742 1556 gente
759 1478 863 1557 populi
880 1476 1011 1557 Romani,
1028 1478 1404 1559 666161616666661616,66
1502 1480 1503 1483 ’

115 1626 178 1677 ΜΗ
212 1578 322 1659 quibus
349 1578 392 1637 ibi
419 1578 540 1655 legitor,
571 1585 599 1636 et
626 1578 676 1635 hie
698 1596 820 1657 ponam:
848 1578 879 1637 ln
903 1578 997 1657 caelo,
1020 1580 1129 1657 inquit,
1154 1576 1290 1637 mirabile
1314 1596 1363 1637 ex-

109 1660 204 1749 ‘2¹75'¹
213 1678 288 1737 stitit
312 1684 496 1757 portentum,
518 1694 587 1735 nam
613 1674 727 1735 stellam
747 1676 870 1735 Veneris
890 1676 1115 1755 nobilissimam,
1135 1694 1222 1755 quam
1242 1674 1363 1737 Plautus

107 1770 141 1821 ll·
151 1788 207 1821 ΠΗ
216 1776 462 1853 vesperuginem,
487 1775 633 1833 Homerus
655 1772 811 1851 Hesperon
831 1774 969 1853 appellat,
993 1776 1224 1855 pulcherrimam
1253 1774 1364 1863 dicens,

211 1872 316 1935 Castor
337 1872 444 1933 scribit
463 1881 580 1933 tantum
607 1879 777 1951 portentum
808 1874 969 1951 exstitisse,
997 1880 1029 1931 ut
1061 1878 1190 1933 mutaret
1223 1872 1362 1951 colorem,

210 1972 459 2050 magnitudinem,
490 1974 629 2049 liguram,
658 1988 793 2051 cursum3
828 1970 907 2049 quod
938 1972 1049 2031 lactum
1081 1974 1123 2031 ita
1149 1990 1248 2049 neque
1276 1980 1363 2031 antea
1377 1992 1401 2031 66
1468 2020 1470 2025 .
1505 2036 1506 2039 ¹

210 2088 267 2131 666
295 2077 396 2149 postea
426 2072 470 2129 sit.
501 2070 558 2129 hoc
584 2070 695 2130 loretum
717 2068 818 2149 Ogygo
843 2088 912 2147 rege
941 2070 1077 2129 dioelmut
1109 2068 1248 2129 Adrastos
1280 2068 1362 2147 Cyzi-

211 2187 300 2229 cenos
325 2177 354 2228 61
376 2168 451 2227 Dion
474 2166 651 2246 Neapolites,
676 2168 878 2229 mathematici
899 2166 1022 2229 nobiles.

319 2261 435 2331 ,tugost
451 2262 483 2313 (16
498 2262 550 2315 616,
567 2262 591 2313 (l.
605 2260 638 2313 X
643 2260 717 2313 VH]
731 2266 751 2313 8
768 2259 861 2313 Multa
875 2276 984 2327 quoque
1001 2258 1104 2313 aliaeu
1119 2258 1176 2313 11116
1191 2258 1221 2311 in
1238 2258 1356 2313 Graecia¹
1504 2224 1507 2383 1

245 2340 417 2409 temporibus
433 2340 555 2409 confingi
567 2340 699 2393 fabulose
711 2342 877 2409 coeperunt:
892 2342 941 2395 sed
953 2356 1044 2409 usque
1058 2340 1092 2391 ad
1104 2340 1254 2409 Cecropem
1265 2356 1361 2409 regem

245 2418 468 2489 Atheniensium,
478 2439 533 2490 quo
543 2422 681 2492 regnante
691 2420 789 2476 eedem
799 2418 900 2476 6161166
911 2420 1066 2476 etiamtnle
1080 2436 1182 2476 nomeu
1197 2418 1314 2492 aceepit,
1326 2454 1361 2461 -ν
1376 2440 1401 2480 66

245 2501 328 2554 relati
346 2504 412 2554 sunt
430 2501 460 2554 in
478 2503 594 2556 deorum
613 2519 759 2554 numerum
778 2502 888 2572 aliquot
905 2501 1008 2556 mortui
1024 2533 1067 2554 --.
1100 2501 1251 2570 inquibus
1271 2501 1361 2556 Oriusi

246 2581 321 2650 regis
343 2581 447 2635 coniux
463 2581 662 2636 Melontomice
686 2586 714 2635 et
731 2581 858 2636 Phorbas
878 2581 950 2636 filius
971 2599 1079 2648 eorum,
1101 2581 1149 2650 qui
1169 2587 1234 2650 post
1252 2583 1361 2650 patrem

245 2679 293 2716 rex
307 2661 476 2734 Argiuorum
491 2665 585 2716 sextus
599 2663 662 2728 fuit,
678 2665 706 2716 et
724 2659 837 2733 septimi
856 2661 931 2732 regis
950 2661 1069 2730 Triopas
1086 2661 1161 2716 filius
1177 2663 1254 2716 Iasus
1269 2665 1299 2716 et
1312 2679 1361 2716 rex

244 2761 336 2796 nonus
358 2743 506 2795 Sthenelus
524 2741 585 2796 siue
604 2743 769 2796 Stheneleus
788 2743 849 2796 sine
871 2743 1026 2810 Sthenelus,
1047 2743 1125 2796 uarie
1144 2743 1250 2812 quippe
1267 2743 1300 2794 in
1319 2743 1362 2794 di-

245 2821 335 2876 uersis
352 2821 516 2876 auctoribus
537 2823 690 2877 inuenitur.
724 2823 771 2876 his
788 2821 961 2890 temporibus
983 2821 1069 2876 etiam
1091 2823 1247 2878 Mercurius
1273 2823 1362 2876 fuisse
1376 2843 1399 2882 66

244 2903 417 2973 perhibetur,
437 2919 523 2972 nepos
541 2905 666 2956 Atlantis
687 2921 720 2956 ex
739 2903 900 2970 bicinium,
920 2905 997 2972 quod
1014 2903 1189 2974 uulgetiores
1207 2905 1295 2958 etium
1313 2905 1361 2956 lit-

244 2989 324 3038 16666
344 2986 506 3052 personant.
532 2985 688 3037 multarum
710 2987 806 3038 autem
830 2985 934 3038 6611666
957 2983 1067 3052 peritus
1091 2983 1205 3052 claruit,
1236 3001 1306 3052 quus
1332 2985 1361 3038 et

245 3063 405 3118 hominibus
419 3063 546 3128 tradidit,
562 3081 618 3132 666
632 3065 732 3118 merito
748 3082 812 3118 eom
825 3067 889 3134 post
902 3067 1021 3118 mortem
1036 3065 1120 3118 deum
1134 3081 1194 3118 esse
1210 3065 1362 3118 noluerunt

246 3145 306 3198 sine
334 3145 420 3196 etiam
448 3145 635 3198 erediderunt.
671 3145 813 3198 Posterior
839 3145 927 3198 fuisse
950 3145 1083 3198 Hercules
1115 3145 1230 3214 dicitur,
1260 3145 1297 3196 661
1326 3161 1361 3196 eu

244 3227 340 3278 tamen
358 3229 486 3292 tempora
505 3225 647 3294 pertinens
661 3225 838 3296 Argiuorum,
855 3223 984 3294 66666616
1000 3225 1128 3280 nonnulli
1143 3241 1206 3278 eum
1222 3225 1359 3278 Mercurio
1375 3247 1399 3286 30

298 3468 330 3538 o,
349 3471 391 3520 18.
409 3467 537 3521 Exorsus
556 3475 593 3520 est
606 3469 782 3539 Augustinus
796 3487 816 3522 6
829 3469 1004 3538 chronologia
1022 3469 1190 3538 Hieronymi
1195 3489 1203 3534 ;
1223 3469 1273 3520 illo
1302 3487 1356 3522 cm·
1374 3487 1376 3490 ·

207 3557 280 3608 poro
298 3545 363 3592 suot
382 3545 447 3592 oute
465 3541 610 3608 Cecropem.

298 3617 341 3662 25.
360 3611 481 3664 Dubito-t
496 3613 528 3664 cle
541 3613 647 3682 origiue
659 3611 840 3666 Vorrouiuuo
854 3627 946 3664 eorum
960 3627 983 3676 p.
1000 3629 1019 3664 s.
1035 3613 1121 3664 Frieh
1141 3613 1156 3664 l.
1173 3629 1193 3664 6.
1210 3629 1240 3680 p.
1256 3617 1358 3680 211666.

210 3684 299 3736 subest
317 3689 415 3736 166666,

299 3759 342 3806 29.
363 3752 497 3820 013666.
513 3753 722 3808 661616611Ιῖ
736 3757 790 3808 564
821 3751 896 3808 Tunc
916 3751 999 3820 enim,
1019 3751 1091 3808 sicut
1112 3757 1140 3808 et
1159 3753 1260 3808 Varro
1280 3751 1359 3818 dicit,

210 3841 315 3890 omnes,
334 3823 383 3892 qni
401 3823 528 3878 fecerent
544 3823 663 3891 fortiter,
683 3825 817 3878 Hercules
834 3825 1018 3890 nocehuntur,
1037 3823 1104 3878 licet
1126 3841 1171 3878 666
1187 3823 1275 3892 primo
1292 3845 1359 3878 xuni

211 3897 424 3950 enumeronerit.
459 3896 523 3950 hine
544 3899 589 3949 est
611 3895 687 3964 qnod
709 3896 829 3964 legimns
853 3895 1003 3950 Herculem
1025 3897 1205 3964 Tirynthinm
1229 3897 1359 3968 [Turium

210 3967 315 4036 b‘riek],
335 3967 479 4036 Argiuum,
499 3967 671 4031 Thebanum,
692 3967 799 4036 Libym.

299 4203 336 4284 e,
356 4209 414 4266 19(
430 4207 549 4268 stellam
563 4209 598 4266 V.
614 4207 831 4268 nobilissimam
849 4227 870 4266 o
879 4227 901 4282 p
947 4211 1032 4268 stella
1046 4211 1083 4268 V.
1098 4209 1283 4268 nobilissima
1299 4213 1357 4268 cett.

211 4297 290 4358 666161.
328 4298 358 4354 in
382 4297 818 4372 6161161766161166166666619.
911 4303 960 4358 13.
984 4317 1109 4372 uespere
1133 4299 1269 4378 regiueb

209 4433 374 4510 hesperona
394 4435 409 4492 b
503 4435 551 4492 16.
577 4433 726 4492 6611666166
746 4434 764 4490 b
795 4435 909 4492 6166666
929 4453 949 4492 u
977 4427 1096 4510 cyrinos
1118 4435 1134 4492 b
