3234 4950
629 403 757 458 acoris
778 403 901 458 IVNIVS
921 403 1061 460 bonnis
1237 425 1417 472 nhxxxxm

266 571 364 632 babile
386 579 440 649 est,
464 579 528 632 tum
552 571 676 632 eandem
700 573 808 632 seriem
835 575 1047 652 imperatorum
1066 571 1102 632 ab
1121 571 1287 634 Alexandro
1306 573 1417 634 Seuero

265 689 362 748 usque
389 671 427 730 ad
454 689 540 730 suam
566 679 692 730 aetatem
725 665 923 754 deduxisse.¹)
963 691 1031 730 narn
1058 669 1137 750 quod
1170 689 1206 730 ex
1233 671 1292 730 illis
1326 673 1417 732 solius

266 769 363 830 Clodii
379 768 480 828 Albini
501 771 645 830 memoria
670 777 769 847 restat,
796 769 831 828 de
852 769 898 828 bis
918 769 1074 830 Alexandri
1096 769 1261 830 oblitterata
1283 779 1335 848 est,
1358 787 1417 830 non

264 867 448 946 mirabimur,
475 886 543 928 oum
565 871 685 928 omnino
710 887 797 928 nemo
821 875 940 946 praeter
961 867 1159 946 Capitolinum
1182 885 1249 928 eum
1272 871 1417 948 obaudiit,

265 965 346 1044 quod
365 973 462 1024 autem
484 965 604 1044 quidam
626 985 663 1024 ex
687 967 722 1024 ir.
743 964 757 1024 i
788 985 854 1026 eom
874 969 964 1024 etiam
984 967 1153 1044 Traianum,
1172 965 1265 1044 Pium,
1286 967 1416 1026 llarcum

264 1073 410 1124 tractasse
434 1063 625 1142 collegerunt,
651 1063 857 1126 declamatoris
880 1083 963 1126 more
988 1063 1170 1144 Capitolinus
1193 1065 1417 1126 obscurioribus

263 1163 450 1240 principibus
476 1163 609 1240 exempla
632 1163 866 1224 clarissimorum
889 1165 1035 1242 opposuit.

355 1261 436 1320 Hanc
464 1268 562 1320 antem
590 1263 745 1322 materiam
773 1279 827 1342 per
857 1281 886 1322 se
918 1263 1024 1324 exilem
1052 1261 1166 1324 Cordus
1194 1267 1276 1324 ormi
1305 1279 1416 1342 genere

265 1377 367 1420 rerum
383 1358 515 1438 undique
538 1363 772 1438 conquisitorum
792 1367 820 1420 et.
840 1369 1080 1422 coaceruatorum
1106 1363 1185 1422 auxil
1211 1369 1239 1422 el
1257 1377 1416 1440 exaggera·

263 1460 318 1536 nit,
345 1466 379 1520 nt
401 1458 555 1518 uolumina
581 1477 634 1518 sua
659 1459 800 1538 expleret,
822 1461 1002 1538 minimaque
1029 1479 1164 1538 quaeque
1187 1477 1220 1520 se
1242 1465 1416 1538 persecuto·

264 1575 331 1618 rum
362 1575 427 1618 esse
454 1558 518 1636 ipse
548 1557 700 1636 professus
729 1565 773 1618 est
802 1559 861 1634 (fr.
880 1559 925 1630 1),
963 1557 1092 1618 exsultat
1118 1561 1210 1636 igitur
1233 1557 1417 1638 Capitolinus

264 1655 312 1716 his
334 1655 519 1732 criminibus
545 1675 613 1716 cum
634 1675 703 1716 eum
729 1657 800 1716 dicit
822 1675 979 1718 enarrasse
997 1657 1054 1732 (fr.
1071 1657 1116 1736 1),
1134 1657 1251 1736 quando
1277 1659 1417 1736 princeps

264 1753 348 1814 cibos
371 1757 517 1814 pariasset
536 1755 590 1830 (cs.
603 1755 643 1831 fr.
659 1757 689 1814 4.
703 1753 739 1828 8)
761 1763 794 1814 et
815 1753 932 1834 quando
955 1763 1071 1816 uestem
1096 1757 1272 1816 mutauisset
1295 1763 1323 1814 et
1344 1773 1417 1834 quos

263 1854 381 1930 quaudo
404 1853 821 1931 promonisset(cf.fr.18)‚
844 1861 908 1912 tum
931 1853 1122 1912 Maximinum
1152 1855 1299 1914 iuniorem
1322 1851 1415 1912 rebus

263 1951 395 2008 ueneriis
421 1958 450 2008 et
474 1951 625 2008 amatoriis
647 1952 812 2027 aspersisse
837 1951 889 2028 (fr.
912 1951 962 2020 11,
989 1951 1027 2028 cf,
1049 1951 1080 2026 l)
1107 1959 1136 2012 ct
1164 1951 1254 2012 multa
1280 1947 1417 2012 ‘ridicule

264 2065 299 2106 ac
326 2047 417 2108 stulte
444 2051 647 2126 composuisse
678 2047 712 2106 de
743 2051 945 2128 uoluptatibus
977 2049 1146 2110 domesticis
1175 2051 1343 2128 ceterisque
1371 2051 1416 2108 in-

263 2147 342 2206 timis
368 2141 472 2206 rebus'
491 2145 634 2206 Gordiani
650 2149 778 2208 iunioris
799 2149 856 2224 (fr.
868 2147 934 2226 18),
953 2147 1080 2228 denique
1103 2167 1220 2208 omnem
1238 2147 1327 2208 iidem
1348 2165 1416 2206 eum

263 2247 430 2306 excessisse
452 2242 559 2306 ‘libros
580 2245 776 2324 mythistoriis
800 2243 976 2326 replentem’
999 2247 1052 2322 (fr.
1071 2247 1103 2306 I.
1122 2247 1166 2320 7).
1198 2245 1251 2308 scd
1276 2247 1348 2306 satis
1370 2247 1416 2304 in·

263 2341 423 2404 credibiles
445 2361 495 2404 res
516 2343 700 2422 Capitolinus
723 2347 789 2422 ipse
811 2347 881 2404 uitis
906 2345 969 2404 suis
993 2345 1120 2404 inseruit
1143 2345 1196 2422 (fr,
1213 2347 1242 2404 4,
1261 2343 1307 2422 8),
1336 2343 1414 2404 ultra

264 2461 336 2520 (pras
365 2461 542 2521 quemqnam
565 2445 654 2503 etiam
678 2443 727 2503 illa
751 2449 846 2505 aetate
874 2445 906 2503 in
931 2443 1102 2505 mentiendo
1126 2461 1318 2523 progressum
1350 2461 1415 2503 asse

263 2560 342 2603 nnnc
367 2544 434 2621 quis
456 2538 578 2603 credet?
617 2541 721 2603 eadem
749 2542 871 2603 audacia
896 2560 970 2603 usus
999 2552 1046 2603 est
1066 2544 1099 2601 in
1123 2542 1271 2603 ominibus
1298 2542 1414 2621 erengi-

263 2638 361 2699 tandis
381 2642 439 2717 (fr.
452 2641 484 2700 2.
500 2642 543 2719 7),
563 2660 631 2701 eum
647 2644 681 2699 in
699 2640 834 2719 epistulis
855 2642 988 2719 actisque
1006 2640 1134 2717 publicis
1151 2642 1203 2717 (fr.
1221 2642 1249 2701 3.
1264 2642 1295 2699 5.
1311 2642 1340 2699 6.
1358 2640 1414 2711 16)

263 2737 393 2799 medium
418 2738 565 2817 quendam
586 2738 685 2799 locum
708 2738 859 2800 obtineret
880 2740 958 2799 inter
984 2746 1077 2799 artem
1103 2738 1282 2801 rlretorioam
1302 2738 1414 2815 fingen-

264 2834 294 2897 di
314 2845 343 2897 et
360 2836 482 2897 fallendi
501 2838 573 2910 (Die
592 2840 658 2898 Ser.
680 2840 706 2897 a.
728 2842 763 2897 Α.
774 2858 811 2914 p.
826 2838 890 2897 199
905 2830 1024 2919 submi)
1065 2846 1111 2897 est
1130 2840 1225 2915 igilur
1248 2856 1302 2897 our
1326 2838 1415 2897 etiam

262 2936 384 2995 nomina
405 2954 423 2993 a
446 2935 610 3015 Capitolino
632 2936 748 3014 prolata
769 2954 837 2997 cnm
863 2936 1024 3015 suspitione
1051 2936 1240 3015 recipiamus7
1260 2942 1297 2995 ut
1314 2936 1414 2995 luniae

263 3032 392 3095 Fadillae
416 3030 582 3113 ‘proneptis
611 3028 766 3095 Antonini’
786 3034 844 3113 (sr.
866 3034 932 3113 12),
959 3052 1057 3113 neque
1086 3034 1234 3113 dolemus,
1258 3034 1336 3113 quod
1363 3052 1415 3093 no-

262 3134 341 3191 mina
365 3134 471 3209 uiginti
497 3139 667 3193 senatorum
695 3132 732 3191 ad
755 3132 913 3191 Maximum
942 3132 1106 3211 legatorum
1130 3134 1251 3193 reticuit
1275 3134 1332 3209 (fr.
1356 3134 1413 3205 21)

263 3239 295 3290 ut
320 3230 376 3291 alia
394 3227 533 3307 ‘friuola'‚
554 3231 660 3311 quibus
684 3230 734 3290 ille
757 3228 898 3307 gloriatos
924 3240 988 3291 erat
1006 3232 1063 3307 (fr.
1083 3232 1132 3311 2);
1157 3248 1253 3309 neque
1279 3234 1359 3293 enim
1381 3230 1414 3289 id

263 3332 330 3407 egit,
352 3338 387 3389 nt
409 3332 565 3389 seientiam
592 3348 696 3389 eornm
719 3330 770 3407 qui
794 3330 929 3407 legerent
952 3328 1059 3389 ditaret
1086 3328 1138 3389 sed
1169 3338 1200 3389 ut
1230 3348 1334 3389 sensus
1366 3350 1413 3389 eo-

263 3446 330 3487 rum
351 3428 495 3489 titillaret.
532 3428 704 3505 dispositam
729 3436 827 3489 autem
850 3446 904 3507 per
930 3428 1044 3507 speeies
1067 3428 1142 3487 hanc
1168 3428 1321 3489 materiem
1347 3446 1412 3489 esse

263 3527 397 3605 exemplo
426 3544 541 3605 eorum,
566 3530 707 3605 quiante
732 3546 800 3587 eum
828 3528 860 3587 in
887 3526 943 3587 hoc
971 3526 1138 3587 litterarum
1162 3544 1270 3605 genera
1297 3530 1410 3587 uersati

263 3635 339 3701 sunt,
365 3636 394 3686 et
413 3644 469 3705 per
494 3644 524 3685 se
548 3624 701 3705 probabile
726 3632 772 3685 est
795 3632 825 3685 ei
848 3626 921 3685 salis
945 3626 1045 3685 multis
1068 3626 1203 3701 uestigiis
1229 3628 1259 3685 iu
1281 3626 1324 3685 eis
1343 3644 1411 3703 par·

262 3722 354 3803 tibus,
379 3742 451 3803 quas
474 3722 657 3803 Capitolinus
687 3741 755 3784 cum
775 3722 944 3783 Herodiano
968 3724 1190 3803 contaminabit,
1218 3724 1412 3783 confirmatur

263 3824 335 3895 {Die
353 3824 420 3881 Ser.
441 3824 468 3881 b.
488 3825 523 3881 Α.
536 3842 572 3899 p.
591 3822 656 3881 139
670 3840 712 3897 sq.
741 3824 858 3899 Tropeu
876 3842 907 3899 p.
931 3822 996 3895 10).

351 3962 378 4026 1)
396 3957 517 4013 Cordum
530 3956 685 4013 Maximum
703 3958 845 4013 imitatum
867 3974 927 4011 esse
947 3974 979 4011 ex
1000 3974 1135 4011 consensu
1155 3958 1243 4011 etiam
1260 3958 1410 4011 uerborum

261 4040 289 4092 in
312 4038 438 4091 moribus
460 4039 647 4109 depingendis
670 4038 861 4093 manufestum
881 4040 923 4091 esi
942 4038 1004 4109 <Die
1023 4038 1078 4091 Sor.
1095 4040 1123 4091 h.
1138 4040 1169 4091 ri.
1186 4058 1210 4107 p.
1230 4040 1300 4109 240),
1318 4054 1408 4107 neque

262 4120 337 4173 enim
363 4122 440 4173 reete
462 4118 573 4189 Tropea
594 4138 623 4187 p.
640 4126 672 4173 15
689 4136 727 4187 sq.
749 4119 870 4174 Cordum
897 4118 984 4173 etiam
1013 4118 1162 4189 spartiano
1192 4120 1219 4171 et
1249 4118 1408 4187 Lampridio

260 4202 326 4253 usui
342 4200 430 4253 fuisse
449 4200 581 4270 opinatus
600 4202 652 4253 esi.

349 4285 377 4352 2)
396 4280 511 4335 Frustra
533 4280 661 4335 defendit
685 4280 739 4335 hoe
761 4280 867 4335 crimen
890 4280 1000 4349 Tropea
1021 4286 1079 4349 pti
1106 4282 1194 4337 Cordo
1215 4280 1291 4347 ratim
1315 4298 1327 4333 e
1347 4298 1407 4337 rur-

260 4370 340 4417 corttu
357 4364 382 4417 ti
398 4364 594 4433 arreruoiplc‘oso,
614 4364 778 4433 l’esaperato,
797 4364 886 4431 quein
904 4364 950 4417 ebe
966 4366 1046 4429 piace
1068 4364 1120 4415 ulle
1141 4378 1228 4415 inesse
1251 4364 1408 4431 ebremarum

262 4442 348 4499 Cordo
365 4443 468 4513 ybipno
487 4448 514 4497 et
529 4460 553 4510 q.
569 4460 589 4497 a.

314 4550 374 4590 Hier,
385 4550 450 4589 Rom.
458 4550 500 4589 rel.
509 4550 538 4597 11,
556 4550 589 4589 ed¹
604 4552 696 4589 Peter.
1132 4530 1195 4583 ΧῙΠ
