3234 4950
592 412 642 463 66
660 410 782 463 curru
801 410 934 465 rorum
954 410 1096 463 noriam
1385 412 1420 473 11

273 578 427 655 dringenti.
467 598 540 657 quos
561 580 648 657 soios,
667 580 803 657 quamuis
825 580 946 657 mythici
965 580 1105 655 temporis
1128 586 1299 657 postremos
1326 586 1423 637 tamen

272 678 339 755 quia
372 698 389 736 a
419 678 563 737 memoria
599 679 778 757 scriptorum
817 680 966 755 proximos
1002 676 1121 755 quidam
1153 678 1265 737 certius
1299 676 1422 737 definire

271 774 437 835 uoluerunt.
472 784 502 835 et
530 776 652 853 quidem
679 776 814 835 Sosibius
839 776 959 853 scripsit
988 792 1053 835 esse
1079 788 1295 853 CCCLXXXXV,
1321 774 1423 835 Erato-

272 874 392 933 sthenes
411 882 511 935 autem
530 883 645 953 septem
664 884 695 935 et
713 872 955 953 quadringentos,
975 874 1114 933 Timaeus
1132 886 1299 951 ccccxvu,
1320 872 1423 933 Aretes

242 986 367 1049 auxili,
398 980 427 1031 et
455 980 607 1051 praeterea
638 974 722 1033 multi
753 974 886 1051 diuerso,
909 990 1035 1051 quorum
1068 974 1153 1031 etiam
1184 974 1247 1051 ipsa
1277 970 1423 1031 dissensio

271 1073 418 1129 incertum
450 1090 517 1129 esse
546 1072 684 1131 declarat.
722 1071 760 1132 de
789 1074 879 1131 tertio
914 1078 1014 1129 autem
1047 1078 1180 1149 tempore
1213 1070 1270 1129 tuit
1303 1070 1422 1147 quidem

271 1168 365 1247 aliqua
387 1172 466 1229 inter
482 1176 620 1231 auctores
642 1170 787 1231 dissensio
811 1172 840 1229 in
861 1188 911 1231 sex
939 1178 1089 1249 septemne
1114 1168 1318 1229 tantummodo
1336 1170 1422 1229 annis.

269 1276 401 1327 uersata:
428 1268 481 1327 sed
516 1269 571 1329 hoc
602 1268 811 1347 quodcumque
846 1270 979 1345 caliginis
1010 1266 1097 1327 Varro
1135 1266 1273 1327 discussit
1308 1274 1335 1327 et
1369 1286 1422 1347 pro

271 1374 369 1425 cetera
386 1384 438 1425 666
453 1368 610 1445 sagacitate
627 1386 707 1427 6666
721 1366 907 1428 diuersarum
924 1366 1087 1427 ciuitatium
1105 1366 1263 1425 conferens
1280 1372 1422 1445 tempora7

228 1482 256 1523 10
270 1482 349 1523 6666
374 1464 508 1525 detectus
530 1482 695 1545 eorumque
716 1464 876 1525 interualla
898 1472 977 1525 retro
1006 1462 1196 1525 dinumerans
1218 1466 1297 1525 eruit
1316 1482 1420 1525 uerum

269 1564 424 1641 lucemque
450 1562 586 1643 ostendit,
608 1582 664 1643 per
688 1582 775 1643 qnam
798 1582 944 1623 numerus
967 1570 1069 1623 certius
1091 1582 1149 1621 non
1170 1582 1315 1623 annorum
1333 1564 1422 1623 modo

270 1660 323 1721 sed
346 1670 376 1721 et
400 1660 517 1722 dierum
539 1666 671 1741 perspici
696 1666 797 1741 possit.

357 1762 393 1831 4.
415 1771 544 1843 Arpast.
566 1774 603 1831 de
628 1775 685 1831 eia.
706 1774 733 1831 d.
754 1770 857 1831 XXII
879 1768 920 1829 28
954 1768 1117 1829 ilirabilius
1151 1774 1252 1831 autem
1280 1768 1421 1849 quiddam

269 1866 386 1927 Marcus
404 1868 495 1927 Varro
522 1870 605 1945 ponit
634 1870 664 1927 in
694 1868 790 1945 libris,
822 1888 895 1945 qnos
927 1870 1103 1947 conseripsit
1136 1866 1170 1927 de
1201 1876 1288 1945 gente
1320 1868 1422 1947 populi

227 1982 256 2023 15
269 1966 405 2043 Romani,
440 1968 524 2027 cuius
553 1970 656 2047 putaui
685 1966 776 2029 uerba
804 1970 870 2047 ipsa
899 1966 1049 2045 ponenda:
1084 1966 1267 2027 Genethliaci
1302 1966 1421 2045 quidam

270 2066 463 2143 scripserunt,
485 2068 592 2144 inquit,
616 2086 682 2125 esse
707 2068 737 2125 in
761 2064 953 2125 renascendis
973 2064 1144 2125 hominihus
1164 2082 1254 2145 quam
1273 2064 1422 2145 appellant

268 2162 524 2242 παλιγγενεσίαν
547 2164 667 2245 Graeei3
697 2165 753 2223 hac
779 2166 966 2243 scripserunt
996 2166 1101 2225 confici
1131 2166 1159 2223 in
1187 2166 1270 2223 annis
1295 2182 1420 2223 numero

269 2260 493 2340 quadringentis
518 2263 718 2341 quadraginta,
743 2271 777 2325 ut
798 2262 880 2323 idem
903 2282 1012 2343 corpus
1036 2272 1068 2323 ct
1089 2262 1194 2323 cadem
1215 2264 1321 2341 anima,
1344 2282 1420 2341 quac

269 2362 381 2421 tuerint
403 2364 559 2421 coniuncta
582 2364 613 2421 in
637 2362 757 2423 homine
779 2362 951 2441 aliquando,
981 2360 1083 2421 eadem
1113 2380 1217 2421 rursus
1243 2360 1368 2421 redeant
1389 2362 1419 2419 in

227 2475 256 2514 ro
270 2460 517 2522 coniunctionem.

358 2562 409 2630 5³.
449 2570 577 2644 Auarici.
600 2573 630 2628 d.
653 2574 712 2630 ria.
737 2573 766 2630 d.
791 2571 912 2630 XVIII
936 2569 955 2628 8
989 2567 1172 2646 Quamquam
1205 2567 1323 2648 Ogygus
1356 2571 1420 2648 ipse

269 2667 387 2744 quando
408 2667 512 2745 fuerit,
539 2669 626 2728 cuius
656 2669 838 2745 temporibus
864 2669 952 2728 etiam
978 2667 1124 2728 diluuium
1146 2685 1285 2744 magnum
1311 2667 1420 2726 Iactum

269 2773 323 2844 est7
344 2785 405 2826 non
428 2765 503 2824 illud
525 2769 695 2844 maximnm,
718 2767 751 2826 in
769 2785 829 2844 quo
847 2765 922 2828 nulli
942 2765 1077 2826 homines
1097 2773 1265 2842 euaserunt,
1290 2765 1349 2824 nisi
1370 2765 1420 2842 qni

269 2867 297 2922 in
330 2883 398 2924 arca
428 2883 494 2924 esse
523 2873 693 2942 potnerunt,
722 2865 802 2942 quod
834 2851 967 2942 gentium
999 2881 1054 2924 nec
1084 2861 1196 2924 Graeca
1229 2881 1282 2924 nec
1317 2861 1420 2946 Latina

227 2975 254 3014 25
267 2963 350 3022 nouit
374 2963 506 3040 historia7
528 2963 581 3023 sed
603 2970 704 3022 tamen
726 2965 823 3022 maius
847 2981 936 3042 [quarn
954 2969 1059 3042 postea
1078 2969 1211 3040 tempore
1231 2959 1420 3020 Deucalionis

356 3187 388 3244 4.
405 3189 455 3242 Ad
463 3189 653 3258 dapastiaara
666 3191 850 3258 discrepantes
863 3189 1015 3256 scriptirras
1026 3189 1128 3242 addidi
1138 3205 1172 3242 aa
1182 3189 1245 3242 Em.
1253 3187 1420 3254 Hofflrnanni

268 3261 386 3314 editione
402 3261 478 3314 codd.
495 3263 692 3314 Parisinorara
707 3263 781 3314 2050
793 3263 844 3328 (a),
860 3263 933 3314 2051
946 3261 997 3328 (b),
1016 3263 1107 3314 11038
1119 3263 1165 3326 (e),
1185 3263 1275 3314 12215
1287 3263 1337 3330 (q),
1364 3259 1419 3312 Pa·

268 3333 428 3386 taainorara
441 3337 513 3386 1400
523 3335 563 3402 (p)
578 3337 601 3386 et
615 3337 691 3386 1490
701 3335 727 3399 (q
727 3335 755 3398 ),
773 3333 1041 3386 Dorabartianornra
1063 3333 1273 3386 Moriaccnsinn
1284 3335 1353 3386 3831
1368 3335 1420 3398 (a),

269 3407 343 3458 0207
353 3408 408 3472 (φ),
430 3407 565 3470 orara).
593 3411 701 3472 apertos
718 3410 811 3458 taaren
833 3419 937 3458 errores
959 3403 1035 3458 codd.
1053 3421 1066 3458 e
1083 3409 1144 3470 etp
1169 3403 1249 3456 notai
1269 3419 1420 3470 recoquere,

266 3475 317 3530 abi
329 3477 383 3530 soli
395 3491 439 3530 eos
452 3475 584 3530 exhibent.

266 3605 509 3612 p—-ae-h—-ffl

268 3688 339 3746 anni
356 3690 427 3746 sunt
446 3683 559 3764 occo).
577 3695 687 3748 cartana
703 3691 778 3750 iliad
797 3693 838 3748 est
856 3689 925 3748 hinc
945 3691 984 3748 ad
1005 3689 1144 3750 accidiam
1168 3689 1272 3748 Troiae
1293 3689 1420 3760 referen-

267 3779 337 3836 dara
351 3795 418 3836 esse.
490 3781 538 3836 17.
560 3779 751 3856 quadrigenti
768 3779 835 3836 Dr
897 3781 924 3836 3.
949 3779 1147 3836 eratosthenes
1167 3779 1234 3836 DV
1296 3779 1324 3836 4.
1345 3797 1418 3854 qua-

267 3867 418 3944 drigentos
434 3869 464 3924 I)
531 3869 642 3926 timeus
656 3871 689 3926 D
710 3869 831 3928 itimens
851 3871 879 3928 'V
936 3871 1027 3928 cretes
1044 3869 1110 3926 DV
1131 3865 1233 3926 Grates
1249 3869 1319 3926 cani.
1335 3869 1420 3926 Jaan

359 3959 386 4016 7.
410 3953 526 4016 actores
549 3959 581 4016 D
603 3963 671 4016 ante
695 3977 766 4016 corr.
871 3961 895 4018 9.
922 3961 1075 4018 conterens
1094 3959 1160 4016 DV
1258 3959 1309 4016 10.
1332 3957 1419 4016 dinu-

266 4065 385 4106 merans
406 4037 474 4126 (din
497 4049 529 4106 ia
552 4039 668 4128 ras.)D

356 4129 392 4214 4,
417 4139 466 4196 15.
493 4137 649 4210 quidemp
756 4139 806 4202 16.
833 4133 1034 4212 renascendis]
1066 4139 1117 4196 trac
1134 4139 1328 4210 participique
1352 4155 1420 4196 aere

267 4229 308 4282 est
327 4227 556 4294 Veteranionem,
576 4227 613 4298 af.
628 4228 653 4284 d.
665 4229 714 4284 tt.
731 4228 779 4285 VI
791 4229 831 4284 11
913 4229 960 4286 17.
987 4229 1064 4286 hanc
1083 4225 1185 4302 scrips.
1200 4243 1219 4282 a
1260 4225 1315 4284 has
1334 4243 1386 4284 sor.
1398 4249 1419 4282 a

266 4313 392 4374 adscit
425 4333 552 4392 assona

356 4415 391 4501 5,
415 4423 466 4480 21.
491 4409 625 4502 agidisb
