3234 4950
535 379 572 432 M.
592 376 743 434 TVLLIVS
764 373 847 430 TIRO
1166 391 1269 440 xv1111

121 571 156 616 ex
177 547 242 606 aliis
267 545 385 604 Tironis
412 545 497 604 libris
523 545 592 604 duci
616 547 667 604 uix
697 551 864 624 potuerunt,
890 561 949 604 uno
971 541 1043 620 loeo,
1070 561 1124 602 cur
1150 543 1268 622 nuptias

122 666 187 712 cunr
206 643 332 704 Publilia
349 645 471 704 fecisset
485 647 542 719 (fr.
558 645 602 721 3),
623 645 716 704 altero
735 643 772 704 de
790 643 881 702 caede
901 643 973 720 eius,
994 659 1171 720 quamquam
1192 639 1271 720 quod

121 751 259 809 Tironem
282 741 425 820 Philologi
453 745 637 802 mentionem
662 745 801 802 iniecisse
832 747 917 818 negat
943 745 980 814 (c.
1004 739 1069 820 49),
1091 741 1156 818 ipse
1182 757 1270 818 quem

121 851 183 908 eius
213 841 311 900 caedis
340 839 476 900 ultimum
501 848 652 899 auctorem
675 841 769 902 fuisse
791 841 924 898 narrauit
951 837 1077 916 (148),
1101 841 1165 898 eius
1190 841 1269 898 uitae

120 941 245 1018 uestigia
278 939 326 998 his
355 939 427 997 locis
460 939 604 998 contineri
639 938 758 1018 colligas
789 937 1040 1016 Plutarchumque
1075 939 1103 996 in
1137 941 1270 996 iocorum

121 1041 196 1102 libro
220 1036 386 1096 adhibenda
408 1035 605 1115 adquieuisse,
626 1037 656 1096 id
675 1037 755 1114 quod
775 1055 811 1096 ex
831 1035 979 1096 fasciculis
998 1039 1133 1096 iocorum
1156 1039 1270 1096 ratione

121 1135 245 1220 ‹puadam
272 1135 480 1214 dispositorum
500 1135 548 1192 hic
574 1135 636 1192 illic
650 1135 817 1196 interiectis
838 1133 974 1214 discitur,
1002 1141 1037 1210 at,
1059 1135 1130 1212 quin
1151 1153 1270 1194 cansam

120 1237 243 1318 patroni,
273 1253 341 1294 curn
369 1236 464 1292 uitam
492 1233 647 1311 scriberet,
673 1233 860 1310 pientissimo
893 1231 1056 1294 defenderit
1080 1231 1270 1310 maculasque

120 1333 238 1396 ineius
262 1333 340 1390 fama
364 1331 491 1409 maligne
517 1334 666 1410 inspersas
691 1333 874 1410 absterserit,
899 1333 1036 1408 quoniam
1064 1331 1193 1390 dubitari
1211 1349 1271 1390 non

120 1437 224 1514 potest,
246 1429 302 1490 hoc
327 1449 401 1490 uero
423 1429 555 1490 studium
581 1431 668 1488 etiam
690 1431 767 1510 apud
784 1429 976 1490 Plutarchum
995 1429 1197 1490 manufestum
1216 1435 1270 1508 est,

120 1537 184 1592 iure
214 1529 341 1606 quodam
366 1527 468 1588 liberti
493 1547 614 1588 manum
644 1545 803 1606 agnoscere
833 1527 917 1588 nobis
942 1529 1088 1588 uidemur.
1128 1549 1196 1590 nam
1220 1547 1271 1606 po·

121 1640 281 1705 steaquam,
304 1627 385 1706 quod
408 1634 437 1686 et
461 1629 525 1704 ipse
542 1627 620 1686 bello
642 1627 722 1686 ciuih
741 1636 773 1686 et
789 1625 886 1684 Tullia
905 1627 965 1686 frlia
984 1645 1000 1686 a
1020 1625 1158 1686 Terentia
1179 1645 1271 1686 uxore

120 1727 246 1804 neglecti
277 1732 389 1803 essent,
420 1725 582 1786 diuortium
611 1726 722 1784 l'actum
753 1743 820 1786 esse
851 1729 1000 1804 exposuit,
1033 1727 1077 1784 sic
1105 1725 1271 1786 concludit:

120 1819 217 1888 αὗται
243 1822 306 1901 γάρ
337 1824 421 1884 εἰσιν
445 1821 482 1882 uf
508 1824 682 1901 λεγόμεναι
711 1829 769 1902 γῆς
791 1819 991 1894 διαστάσεως
1016 1819 1271 1902 εὐπρεπέσταται

121 1917 303 2003 προφάσεις
328 1921 551 1998 (1411111111
572 1921 699 1980 obscure
717 1921 857 1981 'lironem
879 1921 1058 2000 significem,
1080 1941 1166 2000 quem
1187 1941 1271 2002 prae·

121 2023 224 2084 sertim
244 2023 278 2080 in
301 2039 336 2080 ea
358 2028 458 2098 parte,
480 2041 555 2098 quae
581 2023 724 2098 sequitur,
749 2027 851 2080 contra
875 2019 1043 2080 Terentiam
1071 2021 1103 2082 de
1129 2019 1271 2080 Publilius

120 2121 232 2198 nuptiis
256 2121 336 2178 citet.
373 2117 410 2176 ad
433 2117 560 2179 eundem
585 2119 683 2178 redire
707 2119 840 2196 uidetur,
869 2119 948 2196 qnod
971 2139 995 2178 c.
1017 2115 1059 2176 20
1084 2127 1112 2178 11
1136 2115 1178 2178 29
1208 2121 1271 2180 eius

120 2227 255 2278 naturam
286 2218 445 2296 immitem,
479 2217 644 2295 difficilem,
672 2217 815 2278 audacem
842 2217 935 2278 fuisse
963 2217 1139 2278 Plutarchus
1168 2217 1272 2280 scribit

120 2335 228 2393 resque
256 2317 433 2374 domesticas
465 2335 530 2375 earn
556 2317 651 2375 solam
678 2317 826 2376 direxisse
853 2323 942 2394 atque
970 2319 1059 2376 etiam
1087 2315 1216 2396 publicis
1240 2335 1272 2376 se

120 2415 334 2493 immiscuisse,
359 2421 394 2473 ut
415 2415 540 2475 maritus
570 2433 601 2475 se
626 2413 764 2475 subicere
787 2413 921 2491 deberet,
948 2431 1075 2493 eumque
1098 2413 1134 2475 ab
1159 2417 1272 2495 eadem,

121 2533 158 2573 ne
180 2532 281 2573 amore
304 2511 422 2573 Clodiae
446 2516 624 2591 irretiretur,
648 2516 743 2573 uerita
765 2512 858 2573 Clodii
878 2514 1049 2573 inimicitias
1070 2516 1100 2573 in
1122 2534 1152 2573 se
1177 2516 1271 2575 susci-

120 2630 191 2691 pere
216 2619 351 2671 coactum
375 2630 450 2669 esse.
486 2630 542 2671 nec
565 2612 622 2671 hoc
647 2612 847 2689 spernendum
873 2618 917 2671 est
938 2612 972 2671 de
992 2612 1070 2671 tiliae
1089 2620 1184 2673 morte
1204 2612 1271 2673 Plu·

120 2709 256 2769 tarchum
289 2710 426 2769 similiter
457 2710 537 2789 loqui
566 2717 653 2789 atque
684 2702 886 2793 Asconiunr.1l
934 2714 1022 2771 etiarn
1053 2710 1124 2771 alias
1155 2730 1204 2771 res
1235 2712 1272 2771 ad

122 2808 260 2867 Tironem
286 2810 401 2867 referre
426 2810 605 2885 poterimus,
633 2808 717 2867 uelut
741 2810 916 2867 uaticiniurn
947 2810 1072 2867 nutricis
1097 2808 1133 2867 de
1161 2810 1273 2871 alumni

121 2906 237 2967 fortuna
262 2906 437 2984 laudemque
462 2908 527 2965 eius
549 2908 621 2965 artis
645 2910 779 2985 poeticae
798 2908 839 2979 (c.
858 2906 903 2985 2),
919 2906 1070 2985 Catonem,
1090 2908 1166 2985 quod
1188 2910 1271 2969 Ρο111-

120 3008 221 3083 peium
254 3014 374 3065 secutus
408 3007 460 3083 sit,
491 3004 704 3083 exprobantem
735 3008 776 3077 (c.
800 3006 867 3083 38),
901 3008 932 3063 in
965 3006 1140 3065 uniuersum
1172 3014 1272 3065 tamen

119 3104 271 3161 Plutarchi
297 3106 374 3179 uita,
404 3105 460 3161 etsi
483 3103 617 3163 Ciceroni
648 3104 803 3165 admodum
834 3104 913 3161 fauet
943 3112 1028 3181 atque
1054 3104 1087 3161 in
1109 3122 1271 3181 proconsu-

121 3200 181 3261 latu
205 3201 351 3261 laudando
378 3202 533 3261 rhetorum
558 3220 643 3261 more
669 3211 807 3281 uagatur,
832 3204 909 3261 intra
934 3206 1028 3263 iustos
1046 3202 1121 3263 111111
1143 3222 1172 3263 11
1193 3212 1274 3263 111111

122 3308 153 3359 11
182 3318 249 3359 raro
283 3302 454 3378 panegyrici
485 3302 610 3359 formam
643 3300 740 3359 induit
774 3302 848 3374 (Leo
878 3302 980 3375 Btopr.
995 3320 1028 3377 γ.
1049 3302 1139 3373 165).
1180 3302 1272 3361 multa

122 3406 222 3477 aperte
244 3400 344 3477 ipsum
365 3398 557 3459 Plutarchum
582 3398 724 3459 redolent.
759 3416 845 3477 saepe
870 3400 950 3459 enim
973 3402 1102 3459 narratio
1127 3402 1157 3459 in
1180 3402 1272 3479 parti-

122 3496 203 3557 culas
231 3496 372 3575 quasdam
408 3496 554 3575 discerpta
588 3505 647 3574 est,
673 3516 723 3557 res
750 3496 888 3575 publicae
915 3500 1040 3575 priuatis
1070 3498 1161 3557 multo
1192 3506 1271 3577 post·

121 3596 233 3671 positae
258 3603 337 3674 sunt,
359 3597 489 3653 rationes
514 3604 544 3655 et
567 3614 672 3655 causae
698 3598 846 3655 actionum
871 3596 1061 3655 adumbratae
1084 3604 1112 3655 et
1132 3596 1271 3657 ohscura-

122 3702 177 3772 tae,
200 3696 295 3773 ipsius
322 3710 451 3773 persona
473 3696 505 3753 in
529 3692 634 3753 Graeci
657 3698 799 3773 sapientis
824 3694 944 3753 modum
975 3704 1004 3753 et
1030 3696 1198 3773 exemplum
1223 3694 1271 3755 de·

121 3794 200 3869 picta
228 3801 258 3853 et
286 3801 432 3852 exornata.
471 3794 637 3851 cauendum
660 3794 752 3869 igitur
775 3800 830 3871 est,
852 3812 890 3851 ne
913 3792 1071 3851 Plutarcho
1095 3794 1130 3853 ad
1154 3794 1272 3853 Tironis

120 3896 222 3971 uitam,
245 3910 321 3971 quae
345 3890 436 3949 multo
461 3891 548 3951 latior
570 3891 635 3967 fuit,
659 3894 827 3951 accuratius
851 3890 1077 3951 describendam
1099 3900 1226 3953 utamur.

212 4078 236 4140 1)
256 4072 285 4127 C.
301 4078 335 4125 11
358 4070 478 4141 γήμαντι
501 4070 530 4125 δ’
546 4075 621 4142 αὐτῷ
642 4072 792 4145 [Ciceroni]
813 4070 872 4139 μετ’
892 4074 922 4125 οὐ
947 4074 1035 4127 πολὺν
1059 4072 1161 4145 χρόνον
1181 4076 1199 4143 ἡ
1218 4078 1272 4127 frv-

122 4150 208 4219 γάτηρ
231 4152 362 4207 ἀπέθανε
381 4150 512 4205 τίκτουσα
534 4151 611 4220 παρὰ
630 4150 752 4225 Λέντλῳ·
780 4154 866 4225 τούτῳ
893 4152 944 4223 γὰρ
970 4152 1098 4223 ἐγαμήθη
1129 4154 1198 4223 μετὰ
1220 4158 1272 4223 τὴν

123 4229 263 4295 Πείσωνος
285 4242 336 4287 τοῦ
358 4232 494 4301 προτέρου
514 4234 618 4302 ἀνδρὸς
636 4232 774 4301 τελευτήν,
793 4260 829 4277 =
847 4234 993 4301 1111111,
1011 4238 1043 4287 20
1069 4236 1160 4289 Cicero
1184 4236 1272 4301 filium

118 4320 181 4377 post
208 4322 317 4367 1111111111
342 4315 455 4367 Pisones
476 4316 568 4385 peracre?
592 4316 623 4367 P.
646 4316 764 4369 Leretrrfe
783 4316 939 4379 collocabit,
964 4316 1040 4385 oprrd
1066 4334 1143 4383 1111111
1165 4318 1214 4369 e'llu
1239 4334 1273 4369 eat

117 4400 205 4457 partu
223 4396 340 4449 decessit.
372 4392 563 4447 Lichtenfeldt
584 4394 600 4446 l.
616 4412 637 4447 s.
653 4413 678 4463 p.
698 4402 737 4450 12.

1017 4484 1058 4535 tl*
