3234 4950
260 405 333 450 (1111
505 399 553 452 DE
574 399 805 454 SORIPTORVM
825 399 918 453 Viris
938 399 984 454 ΕΤ
1004 399 1163 454 scalpris

259 567 398 630 sacerdos
428 575 456 628 et
481 567 565 626 lacile
597 587 663 628 curu
690 569 830 646 genetiuo
858 563 1030 628 ‘doctorem
1059 565 1211 628 atrectare
1239 565 1277 626 de
1306 565 1412 626 biblio·

258 669 362 726 thecae
384 665 535 744 praelecto
558 667 748 744 intellegitur,
774 676 890 744 poetam
911 665 1058 726 autemid
1079 667 1184 742 egisse,
1203 672 1235 724 ut
1254 667 1286 722 in
1304 663 1410 724 biblio·

258 767 354 824 thecis
375 765 503 842 publicis
529 763 710 824 carminibus
735 765 797 822 suis
820 763 905 822 locus
927 763 1057 842 daretur,
1083 783 1117 822 11
1141 765 1238 841 prima
1257 765 1322 822 eius
1341 761 1410 822 libri

258 863 353 940 elegia
376 869 505 942 apparel,
535 861 595 940 nbi,
618 861 696 940 quod
727 865 756 920 in
782 861 883 920 ultima
908 863 989 940 petit,
1015 861 1178 920 desiderari
1203 863 1411 937 conqueritur:

368 977 562 1044 quaerentem
584 969 707 1044 fresno
732 975 833 1030 erectos
855 987 872 1026 e
894 971 1017 1030 sedibus
1041 963 1132 1050 trote)

411 1081 610 1154 praepositus
630 1083 738 1136 coneto
762 1079 852 1136 tereste
873 1078 962 1136 obire
984 1077 1058 1136 loeo.

367 1187 466 1244 ultera
490 1185 600 1260 templo
617 1191 698 1260 pete,
724 1187 827 1242 uicino
852 1186 958 1243 iuncta
982 1185 1118 1243 theatro:

420 1293 497 1350 boec
521 1307 638 1366 quoque
664 1299 752 1350 erunt
768 1292 986 1364 pedicosum
1010 1293 1155 1350 adettoda
1177 1294 1258 1350 ateis.
1275 1325 1315 1330 —

367 1401 494 1472 tartareo,
519 1401 664 1474 quonlam
685 1401 778 1458 statio
801 1401 877 1458 milti
892 1401 1023 1472 publicu
1047 1400 1154 1458 clauso
1177 1407 1230 1470 est,

413 1509 544 1580 priuato
566 1509 660 1566 le'eeot
683 1507 839 1566 delituisse
863 1507 936 1564 loco.

257 1611 358 1690 itaque
385 1611 475 1672 babet
501 1613 533 1670 in
561 1611 656 1690 elegia
684 1617 787 1688 quarta
817 1611 944 1690 decima,
969 1629 1023 1670 cur
1047 1620 1169 1688 quaerat
1192 1611 1314 1690 exilio,
1339 1629 1411 1671 num

258 1703 398 1788 ‘colligat'
426 1729 478 1770 sua
501 1713 632 1770 carmina
658 1711 699 1782 (n.
722 1711 765 1786 5),
789 1718 1001 1788 preceturque,
1030 1718 1061 1770 ut
1092 1712 1117 1768 ei
1150 1727 1238 1770 111111
1263 1707 1409 1788 ‘palam'

258 1809 297 1868 sit
320 1809 391 1868 baec
412 1807 498 1868 turba
519 1807 601 1888 (ta),
624 1807 701 1886 quod
719 1811 790 1867 item
809 1809 847 1866 ad
864 1807 1018 1886 publicum
1036 1825 1145 1866 munus
1163 1809 1301 1886 pertinet,
1322 1805 1410 1868 ‘suis-

257 1925 314 1984 que
342 1903 462 1966 libellis’
489 1909 576 1966 etiam
606 1907 684 1966 buno
717 1907 839 1966 tertium
870 1908 1001 1965 tristium
1034 1903 1144 1964 librum
1176 1913 1304 1986 apponat
1327 1906 1409 1980 (25).

257 2003 337 2064 idem
363 2003 489 2082 denique
513 2007 633 2064 omnino
660 2001 771 2064 ‘uatum
797 2001 945 2064 studiosus
971 2001 1127 2063 nouorum’
1155 2005 1206 2076 (7)
1235 2005 1410 2082 appellatur,

256 2121 355 2180 neque
379 2109 425 2162 est
448 2103 607 2182 quisquam
630 2103 851 2180 grammaticus
869 2121 957 2178 quem
978 2109 1099 2180 praeter
1115 2101 1263 2178 Hyginum
1289 2121 1410 2180 operam

257 2201 289 2258 in
318 2217 387 2262 suae
419 2201 520 2260 aetatis
550 2201 644 2280 poetis
680 2199 863 2280 explicandis
895 2201 1116 2278 consumpsisse
1149 2207 1273 2262 constet.
1309 2204 1410 2278 itaque

256 2317 280 2358 a.
304 2291 438 2378 tutilo,
468 2317 525 2378 qno
555 2297 604 2358 illa
632 2299 727 2376 elegia
753 2299 845 2358 missa
868 2306 926 2374 est,
949 2295 1084 2376 Hyginus
1107 2297 1304 2358 bibliothec-ae
1327 2297 1409 2358 Pala-

256 2397 336 2456 tinae
367 2399 453 2456 etiam
485 2403 628 2475 praeerat.
668 2397 697 2456 111
726 2397 782 2456 boc
810 2403 909 2454 tamen
937 2396 1129 2473 ollendimus,
1158 2397 1235 2475 quod
1259 2415 1328 2456 eum
1353 2397 1410 2456 sibi

256 2514 351 2575 usque
377 2494 525 2555 adfinem
551 2496 628 2555 uitae
655 2494 880 2555 sustentandum
906 2496 997 2555 luisse
1017 2494 1136 2555 Clodius
1156 2494 1287 2574 tradidit,
1309 2514 1409 2573 neque

258 2596 336 2653 eninr
366 2596 505 2671 exiguum
535 2592 674 2653 salarium
702 2612 769 2653 euni
798 2592 833 2653 ab
856 2593 988 2671 Augusto
1011 2596 1163 2671 accepisse
1186 2593 1341 2671 probabile
1364 2604 1411 2653 est

258 2692 451 2767 (Hirschfeld
476 2686 815 2767 Vereoultonprbearet,2
830 2712 864 2767 p.
879 2692 1012 2767 302qu
1037 2691 1241 2771 plurimosque
1272 2692 1409 2751 docuisse

258 2810 271 2849 a
299 2790 438 2851 Suetonio
469 2796 739 2849 commemoratum.
778 2808 865 2867 quam
894 2793 1100 2867 quaestionem
1127 2789 1244 2849 soluere
1275 2808 1333 2851 non
1357 2808 1408 2869 po·
1491 2831 1494 2856 2

257 2890 380 2947 terimus
410 2888 469 2947 nisi
498 2890 551 2967 ita,
579 2896 613 2947 ut
639 2886 688 2947 nel
718 2906 787 2947 casu
818 2886 917 2965 aliquo
943 2888 1068 2965 Augusti
1096 2890 1227 2967 patroni,
1259 2890 1311 2965 qui
1341 2908 1409 2949 eum
1491 2875 1494 2908 ³

258 3004 345 3047 uranu
383 2986 517 3063 miserat,
557 2984 657 3045 lauore
695 3004 761 3045 eum
801 2986 958 3065 spoliatum
987 2986 1038 3045 uel
1069 2988 1204 3065 corporis
1236 2986 1409 3047 infirmitate
1492 3063 1494 3066 Ι

256 3102 380 3145 munere
410 3084 493 3161 iungi
519 3082 702 3163 prohibitum
738 3102 803 3145 esse
834 3086 1016 3145 coniciamus
1038 3086 1159 3159 (imper
1174 3104 1208 3161 p.
1228 3084 1316 3157 219).
1356 3084 1409 3145 sed

256 3190 291 3243 ut
315 3202 371 3261 quo
395 3184 541 3261 temporis
565 3184 659 3259 spatio
684 3180 778 3241 Clodii
801 3181 980 3243 liberalitate
1003 3200 1076 3241 usus
1097 3202 1215 3259 qnoque
1234 3202 1310 3241 anno
1330 3201 1408 3241 mor·

163 3312 166 3317 ·
256 3288 325 3341 tuus
351 3282 388 3341 sit
408 3280 592 3357 definiamus,
614 3282 710 3339 omnia
732 3288 812 3341 certa
831 3280 941 3340 indicta
961 3278 1081 3361 desuut;
1106 3298 1202 3361 necpre
1224 3280 1304 3339 enim
1322 3280 1409 3361 quid·
1492 3346 1495 3349 ,

257 3398 346 3457 apuam
366 3380 447 3439 iuuat
468 3376 630 3457 discipulus
651 3380 714 3439 eius
735 3376 826 3439 lulius
846 3376 1004 3456 Modestus,
1028 3380 1113 3440 cuius
1130 3386 1212 3439 aetas
1231 3398 1291 3439 nou
1308 3382 1409 3439 minus

257 3476 382 3537 obscura
408 3478 453 3537 sit.
488 3476 609 3555 Vergilii
632 3476 752 3555 quidem
777 3496 846 3535 eum
870 3478 1062 3555 superstitem
1081 3477 1174 3537 fuisse
1193 3478 1409 3554 commentarii,

257 3594 331 3653 quos
357 3574 535 3653 composuit,
561 3574 674 3651 docent,
702 3574 812 3653 quibus
840 3593 916 3654 quae
938 3578 970 3635 in
992 3574 1123 3635 Aeneide
1147 3592 1253 3655 parum
1277 3575 1409 3653 perlecta

257 3692 322 3733 esse
352 3672 535 3751 uiderentur,
564 3674 604 3731 ita
628 3680 760 3751 excusat,
788 3679 820 3733 ut
850 3673 961 3733 diutius
985 3676 1010 3731 si
1034 3674 1169 3751 uixisset,
1197 3690 1408 3733 1111111111-

256 3780 357 3831 turum
389 3770 484 3841 fnisse
516 3768 655 3829 defendat
683 3772 770 3841 (Geta.
793 3772 826 3831 X
843 3772 893 3844 Id,
910 3772 953 3845 i).
998 3772 1051 3829 sed
1083 3774 1254 3831 coniectura
1288 3770 1339 3829 illa
1368 3770 1408 3831 de

257 3868 357 3931 Ouidii
389 3868 484 3947 elegia
515 3866 628 3947 prolata
663 3868 749 3927 etiam
783 3868 860 3927 ultra
893 3887 919 3927 a.
948 3862 1074 3948 testae
1108 3869 1246 3947 producti
1279 3888 1407 3929 eramus.
1493 3938 1496 3941 ⁴

256 3968 333 4027 ultra
359 3966 544 4027 consulatum
568 3972 648 4025 certe
675 3964 767 4025 Clodii
793 3966 887 4027 licini
912 3964 1090 4027 ‘consularis
1114 3964 1261 4027 historici'
1287 3968 1409 4027 uidetur

257 4068 376 4127 uixisse.

345 4162 489 4229 uunaut
510 4162 625 4241 singula
649 4180 739 4239 opera
761 4180 1001 4241 percenseamus
1029 4162 1211 4243 Exemplis
1236 4162 1408 4223 Cornelium

348 4410 372 4477 1)
391 4406 410 4459 i.
429 4424 450 4461 1,
466 4406 656 4459 bibliothecae
677 4404 824 4459 Palatinae
843 4409 928 4459 antea
944 4408 1014 4459 satis
1035 4406 1218 4475 significatae.
