3234 4950
478 389 558 444 AVL.
573 387 677 443 Ater.
693 387 826 442 sempr.
843 389 931 440 Hiar.
949 389 1144 442 AVGVSTAE
1220 389 1413 436 OLXXXVIIII

304 629 468 701 Aturus
493 625 741 698 AVCTORES
772 625 1074 698 scaturentia
1102 625 1359 698 Hlsroman

566 752 570 756 ⁴
707 751 965 824 Aretissam

283 899 335 974 qui
357 899 436 956 inter
460 899 657 974 imperatores
675 895 874 956 Alexandrum
902 897 1045 956 Seuerum
1070 905 1100 954 et
1123 893 1288 956 Gordianos
1311 897 1391 954 uitas

616 1001 665 1062 uel
688 1003 846 1062 historiam
869 1005 1054 1082 scripserunt

608 1139 611 1142 ⁴
649 1121 732 1189 (inter
751 1137 840 1174 annos
860 1123 1020 1190 ‘tan-244.)

349 1255 522 1334 Sequuntur
545 1257 707 1332 scriptores
731 1253 792 1311 sola
815 1253 957 1314 historiae
977 1253 1124 1332 Augustae
1151 1255 1326 1314 anctoritate
1344 1255 1411 1330 nisi,

257 1373 385 1430 quotum
415 1371 507 1430 paene
538 1353 613 1412 nihil
638 1351 784 1412 habemus
816 1369 873 1430 quo
908 1351 1066 1412 exilitatem
1097 1353 1336 1412 testimoniorum
1362 1351 1413 1412 uel

256 1452 492 1528 fragmentorum
520 1451 720 1528 suppleamus.
757 1469 826 1508 narn
856 1451 987 1510 omnium
1016 1453 1158 1510 memoria
1186 1459 1282 1508 morte
1308 1467 1412 1508 eorum

255 1553 485 1628 imperatorum,
511 1567 640 1628 quorum
667 1551 831 1626 patrocinio
860 1551 919 1626 ipsi
953 1549 1128 1628 floruerant,
1158 1547 1325 1608 oblitterata
1356 1555 1411 1608 est.

255 1649 384 1708 maxime
418 1655 516 1707 autem
549 1647 684 1706 homines
716 1649 860 1707 litteratos
888 1655 922 1706 ut
949 1665 996 1706 res
1029 1667 1042 1706 a
1072 1665 1103 1706 se
1131 1655 1230 1724 gestas
1263 1649 1293 1706 in
1329 1665 1410 1706 suam

255 1746 379 1824 gloriam
418 1745 597 1823 scriberent,
634 1747 776 1804 excitauit
807 1756 839 1807 et
875 1745 946 1806 aluit
984 1745 1204 1804 Alexander
1241 1745 1411 1804 Seuerus

256 1837 475 1927 (aaa-235),
498 1863 587 1921 auem
610 1845 650 1921 is,
679 1847 731 1922 qui
756 1847 971 1922 panegyricum
998 1847 1062 1904 eius
1094 1845 1143 1904 uel
1169 1845 1335 1920 composuit
1361 1841 1412 1902 uel

255 1942 389 2004 imitatus
415 1950 468 2020 est,
491 1941 681 2020 Lampridius
700 1945 744 2002 sic
762 1943 897 2002 laudauit
916 1945 954 2016 (c.
971 1943 999 2020 3,
1016 1945 1066 2018 4).·
1092 1943 1155 2002 Nec
1177 1943 1271 2000 ualde
1294 1947 1412 2002 amauit

255 2041 401 2102 Latinam
425 2041 610 2118 facundiam
637 2045 693 2102 sed
721 2045 839 2102 amauit
864 2045 1016 2102 litteratos
1043 2045 1176 2102 domines
1209 2043 1411 2114 uehementer,

254 2157 307 2198 eos
344 2145 435 2200 etiarn
474 2141 693 2216 reformidem,
731 2157 770 2198 ae
802 2141 879 2214 qaid
911 2141 947 2198 de
983 2159 1017 2198 re
1053 2159 1194 2216 asperam
1231 2141 1410 2198 arriderent.

253 2239 385 2312 denique
409 2255 485 2312 qaas
511 2241 620 2312 dianas
649 2241 690 2297 od
714 2239 748 2299 r‘d
769 2255 835 2298 esse
858 2241 991 2312 addebat,
1014 2243 1137 2312 stapulo
1163 2255 1307 2312 quaeqae,
1333 2255 1411 2312 auae

247 2338 375 2412 publice
403 2344 433 2396 et
456 2339 608 2412 prr‘aatr'm
634 2339 759 2411 apebat,
787 2355 819 2396 se
849 2339 913 2412 aoso
941 2339 1068 2396 docente
1096 2339 1217 2396 nolebat
1239 2339 1410 2412 addiscere,

252 2439 282 2493 sr'
301 2435 384 2511 sorte
409 2441 468 2511 r‘prr‘
490 2453 551 2495 non
574 2433 752 2511 adfuissent,
778 2453 873 2511 eoque
891 2437 1018 2511 petebat
1041 2441 1081 2513 at,
1105 2439 1132 2495 st·
1157 2453 1232 2495 aero
1251 2441 1357 2507 essent,
1377 2437 1410 2493 r'n

252 2536 372 2595 litterar
394 2538 557 2595 mitterent.
595 2532 724 2595 Felicius
745 2532 913 2593 Alexandro
935 2552 986 2595 res
1015 2536 1105 2595 cessit
1132 2536 1164 2593 in
1192 2532 1293 2593 Cassio
1316 2532 1410 2593 Dione

253 2638 285 2691 et
306 2630 399 2691 Mario
423 2631 561 2706 Maximo,
592 2650 719 2709 quorum
745 2650 801 2709 ope
826 2632 936 2709 olfecit,
967 2640 998 2691 ut
1024 2634 1137 2691 ratione
1163 2632 1221 2691 sibi
1242 2637 1410 2709 opportuna

253 2748 303 2787 res
328 2730 366 2789 ab
386 2730 618 2807 imperatoribus
637 2737 706 2788 ante
731 2748 762 2787 se
784 2738 882 2807 gestae
906 2730 1147 2791 describerentur
1166 2738 1194 2789 et
1215 2728 1248 2789 ad
1274 2736 1410 2809 posteros

252 2836 500 2907 propagarentur,
535 2828 587 2889 sed
618 2829 753 2905 ipsorum
791 2830 956 2889 aulicorum
992 2832 1122 2907 primum
1162 2828 1259 2889 locum
1295 2826 1410 2889 obtinet

252 2924 462 3007 Encolpius,
487 2946 545 3005 quo
567 2928 652 2987 illum
675 2926 907 2987 familiarissimo
929 2946 1019 2987 usum
1043 2946 1109 2987 esse
1127 2934 1255 2987 testatur
1276 2928 1409 3003 Lampri-

253 3024 319 3084 dius
349 3045 374 3087 c.
394 3026 445 3103 17,
466 3028 495 3105 1,
524 3026 573 3085 cui
607 3026 694 3085 etiam
730 3024 787 3085 duo
819 3026 984 3103 fragmenta
1017 3030 1082 3087 eius
1114 3024 1232 3085 laudem
1266 3028 1409 3105 spirantia

251 3122 409 3204 debemus;
437 3122 541 3184 Ouinii
565 3132 667 3183 tamen
689 3122 805 3183 Camilli
835 3128 981 3183 senatoris
1009 3144 1064 3183 nec
1095 3142 1203 3183 nomeu
1228 3142 1284 3183 nec
1305 3140 1408 3183 rerum

252 3240 398 3281 nouarum
424 3222 556 3283 studium
580 3222 682 3281 multis
705 3222 807 3281 uerhis
833 3222 874 3299 sr.
897 3224 917 3281 2
941 3228 1117 3283 exornatum
1142 3220 1260 3281 aliunde
1286 3228 1408 3283 constat.

341 3320 419 3381 Tum
433 3320 469 3381 de
484 3324 625 3399 magistro
639 3318 800 3381 Alexandri
814 3320 960 3381 Aurelio
981 3320 1148 3399 Philippo
1168 3322 1224 3381 hoc
1242 3322 1407 3381 testimoni·

250 3438 304 3477 um
322 3426 421 3479 exstat
435 3421 507 3479 item
527 3418 690 3497 Lampridii
709 3418 791 3477 Alex.
801 3416 830 3495 3,
847 3416 865 3479 2
891 3420 928 3479 Ia
941 3424 1048 3495 prima
1060 3424 1202 3495 pueritia
1222 3422 1408 3479 litteratores

250 3519 360 3578 habuit
379 3518 534 3579 Valeriam
559 3518 690 3579 Cordum
714 3525 744 3579 et
764 3518 795 3577 Τ.
818 3520 974 3579 Vetarr'orn
997 3526 1028 3577 et
1046 3520 1205 3579 Aureliam
1226 3518 1407 3593 Portrppom,

250 3616 392 3675 libertam
405 3622 518 3693 patrio,
538 3620 592 3691 aar
610 3620 705 3675 artam
725 3618 790 3675 etas
801 3624 913 3692 postea
931 3622 963 3675 tn
983 3620 1104 3677 litteras
1121 3620 1211 3691 misit,
1227 3614 1281 3675 ubi
1295 3612 1407 3693 ‘pater’

251 3712 470 3791 intellegendus
494 3721 540 3773 est
562 3716 668 3793 imper.
682 3714 720 3772 Μ.
734 3713 873 3775 Aurelius
894 3714 1050 3793 Caracalla,
1070 3714 1156 3775 cuius
1175 3714 1268 3773 filium
1289 3732 1319 3773 se
1341 3732 1407 3773 esse

250 3810 417 3873 Alexander
437 3814 542 3873 uoluit.
549 3804 573 3895 1)

340 3912 514 3987 Argumenti
540 3910 701 3971 seruilitate
727 3912 797 3969 huic
819 3912 883 3989 pari
910 3914 1095 3971 associantur
1118 3910 1330 3989 Septimius
1355 3912 1407 3987 qui

250 4008 344 4067 uitam
362 4008 520 4069 Alexandri
544 4006 614 4069 ‘non
631 4008 824 4069 mediocriter
850 4020 1005 4071 exsecutus
1031 4004 1092 4071 est’
1107 4010 1278 4085 (Lamprid.
1294 4012 1345 4085 17,
1360 4010 1406 4089 2),

251 4108 360 4167 citatus
382 4126 397 4167 a
423 4108 485 4167 solo
508 4106 680 4185 Lampridio
709 4106 822 4167 duobus
853 4108 925 4167 locis
947 4128 1007 4169 una
1038 4128 1105 4167 oum
1127 4108 1280 4185 EncolpiO,
1302 4110 1406 4169 nescio

340 4337 367 4402 1]
388 4332 494 4386 Herod.
512 4332 540 4385 V
559 4340 582 4400 l,
599 4340 622 4387 3.
652 4333 686 4387 cf.
709 4334 810 4387 Mache
840 4336 1037 4403 Foroodaotpen
1063 4336 1128 4387 tiber
1157 4336 1314 4389 Alorcortder
1344 4334 1404 4389 Seu.

248 4412 343 4481 Progr.
361 4412 456 4467 Suidn.
475 4420 543 4467 1873
562 4434 589 4483 p.
607 4422 674 4481 dsq.
