3234 4950
244 387 307 454 tto
646 387 672 442 d.
690 387 798 442 aurun
819 388 973 442 suornm

241 559 352 636 scribit,
378 557 490 618 Plinius
512 559 664 618 Secundus
690 559 718 616 iu
739 559 889 635 TreueriS,
910 561 979 618 uico
999 559 1181 618 Ambitaruio
1203 559 1291 636 supra
1313 555 1386 616 Con·

240 657 376 718 fluentes.
421 657 503 718 addit
526 661 615 718 etiam
639 677 692 736 pro
717 665 890 736 argumento
918 677 984 718 aras
1008 659 1048 718 ibi
1074 657 1191 716 ostendi
1212 657 1386 735 inscriptas:

243 751 297 814 ‘uh
323 757 501 834 Agrippinae
525 753 735 836 puerperium'.
784 755 930 816 Versiculi
953 757 1116 836 imperante
1140 775 1207 814 mox
1231 774 1265 814 eu
1290 754 1387 814 diuul-

241 855 299 932 gati
325 855 400 932 apud
423 853 564 916 hibernas
588 855 717 932 legiones
741 861 929 934 procreatum
957 855 1100 914 iudicant:

333 951 375 1012 ‘ln
405 955 510 1014 castris
537 965 637 1032 natuS,
664 955 769 1032 patriis
800 955 932 1014 nutritus
963 955 995 1012 in
1026 955 1118 1012 armis
1399 971 1413 1010 u

402 1053 460 1112 iarn
485 1053 630 1132 desIgnati
652 1055 795 1132 principis
817 1070 902 1112 omen
922 1050 1007 1112 erat'.

241 1149 301 1228 Ego
334 1153 363 1210 in
399 1153 469 1210 actis
501 1151 569 1210 Anti
599 1151 711 1210 editum
742 1153 871 1210 inuenio.
918 1151 1103 1210 Gaetulicum
1135 1151 1244 1210 refellit
1272 1149 1388 1210 Plinius

242 1251 327 1328 quasi
349 1251 507 1310 mentitum
530 1269 584 1328 per
608 1249 814 1328 adulationem,
836 1257 870 1308 ut
894 1249 929 1308 ad
949 1249 1050 1310 laudes
1070 1251 1188 1309 iuuenis
1206 1249 1387 1327 gloriosique

240 1349 387 1426 priupris
411 1347 521 1426 aliquid
549 1351 638 1408 etlam
666 1367 703 1408 ex
724 1347 798 1408 urbe
824 1346 945 1408 Herculi
967 1367 1050 1408 sacra
1075 1357 1218 1426 sumeret,
1250 1345 1387 1407 abusum·

242 1465 298 1524 que
326 1447 480 1506 audentius
506 1447 666 1524 mendacio,
693 1447 770 1524 quod
792 1454 860 1506 aute
886 1465 995 1506 annum
1018 1447 1081 1506 lere
1104 1454 1193 1506 natus
1211 1445 1387 1507 Germanico
1401 1463 1428 1502 ιο

241 1543 320 1604 filius
352 1545 458 1604 Tiburi
489 1545 595 1624 fuerat,
629 1544 790 1624 appellatus
825 1552 854 1604 et
886 1546 951 1624 ipse
980 1545 1012 1606 C.
1035 1543 1151 1606 Caesar.
1187 1579 1221 1588 -
1258 1543 1388 1604 Plinium

244 1645 340 1720 arguit
363 1645 438 1702 ratio
462 1651 637 1722 temporum.

170 1715 224 1792 -13
335 1737 365 1804 3.
396 1741 487 1804 Tacit.
506 1761 575 1804 uun.
591 1743 610 1802 I
623 1743 663 1802 69
688 1743 863 1804 Pernaserat
882 1745 1004 1804 interim
1022 1745 1218 1804 circumuenti
1239 1743 1388 1804 exercitus

243 1841 319 1900 fama
344 1849 372 1900 et
397 1841 502 1900 infesto
528 1841 738 1902 Germanorum
765 1843 881 1918 agmine
904 1839 1013 1902 Gallias
1034 1843 1104 1921 pctI,
1125 1861 1157 1900 uc
1176 1844 1209 1900 ni
1225 1842 1387 1918 Agrippina

242 1941 404 2018 inpositum
423 1937 526 2000 liheno
549 1947 668 2020 pontem
695 1939 769 2000 solui
787 1939 997 2020 prohibuisset,
1021 1949 1104 2001 erant
1124 1943 1174 2020 qui
1194 1939 1223 2000 id
1242 1941 1387 2016 llugitimn
1401 1957 1427 1996 15

242 2037 400 2098 formidine
429 2037 581 2100 cuderent.
629 2039 679 2098 sed
709 2041 818 2098 l'emina
844 2039 951 2116 lugens
978 2041 1070 2100 animi
1095 2041 1198 2100 munio
1227 2041 1311 2100 ducis
1334 2056 1388 2116 per

243 2153 292 2194 eos
319 2137 382 2196 dies
406 2137 502 2196 Induit
525 2137 740 2216 militibusque,
770 2145 802 2196 ut
827 2139 893 2215 quis
919 2140 1007 2217 inops
1033 2145 1085 2198 aut
1113 2141 1244 2216 saucius,
1271 2146 1388 2198 uestem

242 2243 273 2294 et
294 2231 423 2296 fornenla
450 2235 583 2314 dilargita
606 2245 658 2296 est,
706 2237 793 2296 tradit
824 2235 852 2296 C.
877 2235 998 2316 Plinius,
1029 2235 1274 2296 Germanicorum
1296 2235 1387 2296 hello·

242 2353 308 2392 rum
343 2337 477 2412 scriptor,
513 2339 629 2396 stetisse
663 2341 731 2414 aput
761 2337 942 2414 principium
971 2337 1071 2416 pontis
1099 2335 1203 2394 laudes
1234 2342 1264 2396 et
1286 2342 1387 2412 grates

242 2435 373 2493 reuersis
397 2431 563 2513 legionibus
588 2433 753 2495 habentem.
1400 2449 1428 2489 20

464 2614 490 2673 A
514 2614 607 2675 FINE
633 2614 775 2675 AVFIDI
796 2616 911 2675 BASSI
935 2616 1045 2675 LIBRI
1068 2616 1165 2673 XXXI

332 2750 364 2819 4.
396 2758 472 2817 Ptin.
498 2778 527 2817 n.
549 2762 578 2819 b.
595 2758 700 2835 praef.
729 2756 785 2835 [ud
816 2758 911 2819 Titum
944 2778 1004 2819 scr.
1028 2776 1056 2818 u.
1082 2752 1220 2837 77s830]
1251 2756 1293 2816 20
1329 2756 1388 2817 Vos

242 2854 361 2933 quldem
392 2874 506 2933 omneS,
538 2864 654 2933 patrem
684 2856 931 2933 [Vespasianum]
938 2906 947 2936 ,
982 2865 1013 2917 te
1044 2856 1225 2935 fratremque
1261 2854 1389 2915 diximus

242 2972 333 3033 opere
366 2956 459 3033 iusto,
492 2964 658 3034 temporum
686 2964 855 3017 nostrorum
884 2956 1038 3017 historiam
1070 2957 1130 3015 orsi
1159 2972 1176 3013 a
1204 2956 1262 3015 fine
1289 2953 1388 3013 Aulidi

241 3050 333 3113 Ilassi.
378 3052 430 3113 uhi
464 3056 502 3113 sii
534 3072 580 3131 eu,
613 3072 754 3131 quaeres:
790 3056 849 3115 iarn
884 3054 1000 3132 pridem
1036 3061 1155 3131 peracta
1189 3054 1322 3113 sancitur
1358 3063 1388 3113 et

242 3152 371 3229 alioquin
398 3158 537 3213 statutum
564 3158 626 3213 erat
649 3152 752 3213 lreredi
776 3152 923 3231 mandare,
948 3172 985 3213 ne
1006 3152 1077 3231 quId
1095 3152 1249 3213 ambitioni
1269 3150 1386 3211 dedisse
1401 3158 1427 3197 2⁶

240 3252 303 3309 uita
327 3250 517 3311 iudicaretur.
554 3250 677 3329 proinde
703 3252 914 3331 occupantibus
944 3252 1040 3312 lucum
1066 3252 1158 3326 lacteo,
1184 3270 1237 3329 ego
1260 3268 1333 3309 uero
1357 3260 1389 3309 ct

242 3392 481 3401 ..ηπ-..μ-...μ--ι--α-η-

243 3476 367 3531 sentiunt
386 3478 442 3529 iam
457 3480 523 3531 nato
540 3478 617 3533 [lale.
643 3494 694 3531 nec
713 3478 786 3531 Plini
806 3477 966 3548 opinionem
984 3476 1131 3545 inscriptio
1150 3494 1216 3530 arae
1236 3476 1388 3545 quicquam

243 3548 399 3617 adiuuerit,
423 3566 485 3601 cum
510 3550 665 3619 Agrippina
693 3550 736 3601 bis
762 3550 790 3603 in
815 3566 848 3605 ea
870 3548 984 3617 regione
1009 3548 1081 3601 filias
1104 3548 1188 3601 enixa
1211 3548 1249 3603 sit
1272 3550 1300 3601 et
1324 3568 1348 3617 q.
1366 3568 1387 3600 s,

247 3622 399 3675 Versiculos
416 3630 520 3677 norunt
540 3624 651 3677 Tacitus
669 3640 733 3677 unat,
750 3624 820 3676 141
839 3628 864 3675 et
883 3622 982 3677 Seneca
1002 3624 1069 3676 ctat.
1085 3622 1123 3672 Π
1138 3626 1182 3688 18,
1197 3626 1220 3675 4.

336 3866 382 3919 11.
416 3860 492 3921 Ante
520 3864 616 3921 fuerat
646 3862 742 3935 Bcrplt
766 3862 884 3935 (Joloc.
903 3862 929 3919 d.
951 3864 1052 3923 Rhe-in.
1075 3864 1139 3921 Ver.
1157 3864 1215 3922 Ba,
1233 3865 1274 3921 57
1290 3866 1388 3935 1243

243 3952 310 4009 redte.
322 3948 358 4029 2),
372 3956 544 4025 interposuit
558 3954 702 4027 mortum,
717 3954 791 4025 quod
807 3956 903 4013 reiecit
909 3954 1086 4013 Fratrum-ato
1097 3950 1148 4025 (nc.
1154 3953 1210 4011 Rb.
1217 3971 1246 4009 re
1254 3950 1392 4011 XXXII

237 4060 270 4113 p.
287 4040 363 4113 343)
384 4034 771 4113 corcprobucte-llIounuccno
789 4044 892 4102 Herm.
907 4042 1001 4100 XIII
1015 4064 1046 4115 p.
1063 4044 1130 4099 248
1143 4060 1183 4115 sq.
1203 4044 1271 4101 coln.

334 4124 365 4209 3,
385 4132 433 4189 19.
458 4130 553 4189 laudis
575 4122 667 4191 arcui
686 4132 782 4189 leudis
804 4134 835 4191 ct
852 4132 947 4207 gratis
965 4134 1059 4191 Halm

333 4214 365 4301 4,
383 4222 432 4279 21.
448 4238 500 4279 nos
512 4220 672 4281 Por.Vc'ud.
725 4224 775 4281 23.
790 4224 844 4281 aut
856 4220 913 4278 fide
928 4224 1010 4281 codd.
1018 4223 1089 4281 Par.
1103 4222 1156 4279 aut
1168 4220 1237 4279 fidei
1254 4221 1307 4281 citt
1320 4222 1389 4279 ituri·

242 4310 330 4367 Bassi
344 4310 411 4369 aaa.
422 4310 542 4383 quidum
557 4330 574 4377 ς
598 4342 599 4345 =
630 4310 676 4367 al.
693 4330 745 4385 per
761 4316 829 4371 acta
842 4312 988 4385 Dcttefseu
1000 4312 1050 4385 (cc.
1060 4330 1117 4385 per
1131 4311 1342 4384 testamcutum)

242 4402 388 4457 sanctitur
404 4400 481 4459 Voss.
496 4402 565 4457 Pur.
591 4402 733 4459 sanctium
752 4402 828 4461 Deru
893 4403 943 4457 25.
966 4402 1077 4477 nequid
1095 4419 1111 4467 ς
1132 4420 1226 4476 neque
1245 4404 1304 4461 cett.
1320 4400 1388 4459 lteri
