3234 4950
203 370 362 415 CLXXXVI
451 366 499 419 DE
521 364 751 419 sociarentur
771 364 863 417 Viris
885 364 929 417 ET
952 364 1106 419 scalaris

205 534 238 611 [i.
249 552 275 593 e.
286 554 341 613 per
356 534 429 593 duos
444 532 550 609 annos]
566 532 664 610 Asiae,
677 532 805 611 denique
821 532 989 611 praefectus
1003 532 1072 591 nrhi
1089 526 1121 613 (3
1135 552 1141 591 :
1156 532 1183 593 C.
1197 532 1265 591 LL.
1282 532 1328 589 VI
1339 534 1355 589 1

203 652 234 691 n.
249 626 366 715 1452),
389 634 509 709 tertius,
540 634 570 691 in
600 650 659 709 quo
682 632 775 709 praef.
793 630 858 689 urb.
880 638 909 691 et
931 650 1046 709 procos.
1068 624 1125 713 (42
1147 630 1265 691 (ML.
1283 630 1355 689 VII

204 750 236 789 n.
250 725 363 811 1453),
382 736 446 787 tum
469 730 587 789 Velitris
610 728 683 805 lapis
709 728 739 787 L.
754 728 848 787 Mario
866 728 899 789 L.
915 728 973 787 lilio
992 728 1066 787 Max.
1087 728 1182 787 Aurel.
1207 726 1356 787 dedicatus

202 821 329 911 fetiafli)
354 828 401 887 his
425 820 526 910 ems),
548 844 604 905 pro
631 846 689 887 cos
714 820 830 907 Asi(ae)
856 832 884 885 et
908 820 1063 909 Africfae),
1093 820 1205 909 urlifis)
1233 820 1355 909 pfraef.)

204 918 263 1007 (ὅτ
283 928 311 985 C.
328 928 353 985 I.
369 928 403 985 L,
418 928 452 985 X
469 946 496 985 n.
512 921 614 1009 6567)
630 934 662 985 et
675 925 789 985 Ardeae
806 926 882 985 alter
903 924 931 985 L.
948 924 983 983 il.
1003 924 1077 983 lllau.
1092 922 1176 1003 Perp.
1198 924 1266 985 Aur.
1285 928 1356 983 item

203 1024 306 1103 fetiali,
330 1023 445 1083 consuli
470 1028 588 1101 iterum,
606 1024 780 1101 proconsuli
796 1024 1022 1101 prouinciarum
1040 1022 1163 1101 Africae,
1188 1024 1355 1099 iterumque

202 1122 300 1200 Asiae,
317 1122 410 1201 praef.
429 1122 497 1183 urbi
518 1114 575 1203 (liz
596 1124 623 1181 G.
641 1124 665 1181 1,
682 1122 716 1181 L.
732 1123 768 1181 X
783 1140 809 1181 rt.
828 1114 937 1203 6764),
961 1120 1087 1199 denique
1105 1122 1138 1179 in
1158 1120 1241 1181 titulo
1264 1122 1355 1199 Thya-

203 1222 302 1279 tireno
326 1212 360 1301 (l
376 1240 383 1279 :
401 1222 526 1297 Prosop.
550 1224 566 1279 l.
594 1215 631 1303 a.)
659 1228 909 1279 commemoratur
935 1222 997 1279 eius
1023 1218 1247 1297 proconsulatus
1273 1222 1356 1279 Asiae

201 1312 365 1377 ‘Caracalla
382 1318 416 1377 in
433 1320 520 1378 Asiae
540 1314 684 1377 morante'
706 1320 725 1375 i.
739 1336 764 1375 e.
781 1336 804 1375 a.
820 1318 901 1377 circa
919 1312 1078 1397 2141215.
1105 1318 1164 1377 iam
1189 1336 1262 1377 nero
1288 1336 1355 1377 con-

199 1416 369 1491 iunguntur
391 1420 601 1477 communione

337 1516 431 1592 patris
455 1523 486 1573 et
507 1514 667 1573 sacerdotii
689 1516 798 1575 fetialis
825 1514 904 1573 tituli
928 1510 944 1573 1
973 1522 1000 1573 et
1026 1510 1052 1591 5,

338 1612 496 1673 sacerdotii
520 1612 627 1673 fetialis
654 1620 682 1673 et
705 1614 803 1673 iterati
829 1612 998 1673 consulatus
1024 1608 1042 1673 f)
1068 1620 1097 1671 et
1120 1608 1140 1671 6
1162 1604 1234 1693 (cos.
1252 1606 1294 1695 1),

337 1714 438 1771 iterati
455 1711 683 1789 proconsulatus
698 1713 785 1771 Asiae
803 1718 836 1771 et
853 1712 935 1771 urbis
956 1714 1160 1789 praefecturae
1174 1706 1205 1789 ὃ,
1216 1708 1243 1789 3,
1255 1704 1314 1795 (4,)
1327 1708 1355 1789 fi,

337 1808 494 1887 legationis
518 1808 693 1869 Germaniae
718 1810 869 1869 inferioris
897 1808 964 1869 fet
982 1806 1011 1887 2,

337 1908 564 1985 proconsulatus
589 1908 705 1967 Africae
730 1914 758 1967 et
784 1900 912 1991 (iterati)
935 1906 1022 1969 Asiae
1042 1906 1070 1985 3,
1092 1904 1118 1985 5,
1141 1906 1169 1987 6,

336 2006 563 2083 proconsulatus
587 2006 674 2065 Asiae
696 2002 719 2065 3
742 2014 773 2065 et
797 2002 824 2083 l,

338 2107 473 2164 omnium
496 2108 628 2183 quinque
652 2106 806 2165 nominum
834 2100 860 2163 1.
880 2102 910 2165 2.
929 2100 959 2165 3.
979 2102 1006 2165 6.

292 2202 369 2263 Hinc
392 2202 573 2263 3111511610
595 2212 717 2281 apparet
735 2211 815 2263 recte
836 2202 1032 2281 Borghesium
1051 2204 1178 2277 (Oeam,
1202 2206 1229 2261 V
1240 2220 1275 2277 p.
1291 2202 1356 2263 453

201 2302 321 2360 481.
343 2302 381 2377 cf.
397 2302 449 2361 IX
464 2302 602 2377 351qu
621 2302 674 2361 lias
692 2302 906 2379 inscriptiones
925 2320 1028 2361 omnes
1048 2300 1085 2359 ad
1105 2300 1231 2359 cundem
1250 2300 1282 2361 L.
1297 2300 1356 2359 lla·

201 2402 282 2459 rium
301 2400 332 2460 L.
353 2402 371 2458 f.
389 2398 551 2461 Maximum
568 2400 748 2478 Perpetuam
768 2400 961 2459 Aurelianum
981 2398 1130 2461 rettulisse
1153 2402 1355 2478 honorumque

199 2501 377 2558 uarietatem
402 2518 439 2558 ex
463 2499 635 2558 diuersitate
662 2517 814 2575 annorum,
841 2499 947 2578 quilius
968 2499 1080 2576 lapides
1102 2497 1229 2558 dedicati
1247 2507 1355 2576 essent,

200 2599 367 2674 repetiisse.
400 2597 485 2656 i'astis
508 2604 608 2656 autem
630 2596 706 2656 alter
731 2597 901 2656 consulatus
925 2615 999 2656 anno
1026 2593 1091 2656 223
1115 2597 1269 2674 definitur,
1298 2615 1354 2674 qua

201 2713 236 2754 re
259 2693 311 2754 alii
332 2693 489 2755 titulorum
506 2693 593 2754 Marii
612 2695 740 2773 Maximi,
763 2697 815 2774 qui
841 2713 873 2756 eo
898 2695 1009 2756 honore
1032 2701 1199 2772 caruerunt,
1220 2715 1235 2754 a
1255 2695 1356 2774 dispu-

199 2795 313 2852 tatione
336 2799 439 2852 nostra
463 2794 575 2852 exclusi
604 2802 684 2870 sunt,
712 2795 796 2872 prior
823 2787 995 2876 (suffectus)
1028 2801 1095 2852 ante
1126 2795 1355 2870 proconsulatus

199 2891 317 2952 Africae
346 2900 376 2950 ct
403 2891 490 2951 lisiae
515 2891 794 2970 praefecturamque
821 2893 995 2968 retrahitur,
1026 2893 1151 2952 fortasse
1180 2893 1212 2950 in
1245 2909 1355 2952 annum

202 2985 266 3050 197
292 2990 341 3050 uel
367 2987 431 3050 198
458 3000 526 3068 post
550 2993 691 3050 uictorias
717 2989 908 3068 Byzantinam
931 2997 960 3048 et
985 2989 1243 3068 Lugudunensem.
1287 3007 1355 3050 nam

198 3091 254 3166 qui
277 3089 462 3148 consulatum
489 3091 641 3148 insecutus
668 3096 712 3148 est
736 3089 830 3146 honor
850 3089 1004 3164 legationis
1027 3089 1210 3166 Germaniae,
1235 3089 1262 3146 ei
1283 3107 1355 3148 non-

200 3185 271 3246 dum
293 3207 309 3246 a
327 3185 439 3246 Seuero
458 3185 668 3266 Caracallaque
685 3187 824 3264 Augustis
847 3185 976 3246 tributus
995 3195 1042 3248 est
1056 3187 1243 3258 (thmonns
1261 3191 1354 3248 r'nscr.

171 3308 173 3311 ·
200 3287 222 3345 I
240 3305 272 3360 p.
298 3285 396 3358 399).Χ
432 3287 490 3344 iam
522 3304 596 3344 uero
629 3287 769 3362 quoniam
801 3283 927 3344 Marium
959 3283 1118 3344 Maximum
1153 3283 1206 3344 suh
1240 3281 1355 3362 Opellio

198 3382 388 3461 praefectura
410 3383 524 3442 urbana
549 3381 684 3442 functum
707 3401 773 3442 esse
795 3401 882 3460 supra
902 3387 945 3458 (p.
965 3383 1253 3462 terrentianus,
1281 3383 1355 3442 alius

199 3489 300 3540 autem
323 3481 387 3540 eius
412 3483 542 3540 nominis
562 3485 592 3540 in
611 3481 752 3540 laterculo
772 3481 991 3560 praefectorum
1010 3479 1205 3558 desideratur,
1227 3501 1241 3540 a
1260 3479 1354 3542 Dione

199 3585 230 3638 et
259 3579 407 3656 lapidibus
437 3579 563 3638 eundem
587 3579 750 3656 significari
777 3579 845 3658 plus
874 3597 961 3656 quam
990 3581 1056 3638 ueri
1084 3579 1180 3638 simile
1205 3587 1257 3638 est.
1301 3579 1355 3638 sed

198 3675 279 3734 idem
309 3677 503 3737 etiam-uitas
530 3679 745 3756 imperatorum
773 3679 902 3756 scripsit.
939 3695 1007 3736 nam
1038 3675 1201 3736 secundum
1230 3677 1353 3738 Dionem

197 3777 235 3847 (l.
249 3793 271 3834 r.
286 3779 325 3848 s.)
349 3775 503 3836 aduentus
526 3784 647 3854 propter
672 3777 828 3854 inscitiam,
856 3795 923 3836 cum
945 3777 1064 3836 omnino
1091 3773 1208 3836 dicendi
1232 3777 1354 3836 faculta-

198 3875 239 3932 tis
263 3891 371 3952 expers
393 3881 483 3951 csset,
505 3873 632 3933 Marium
655 3873 815 3932 Maximum
841 3891 1045 3934 successorem
1068 3875 1189 3950 accepit,
1217 3881 1249 3934 ut
1273 3875 1353 3934 hunc

198 3969 250 4029 illa
273 3969 361 4030 laude
384 3971 521 4030 floruisse
547 3990 670 4032 necesse
693 3975 741 4031 sit.
772 3979 836 4032 turn
862 3975 938 4032 ultas
960 3991 1055 4050 usque
1075 3971 1111 4030 ad
1129 3971 1353 4050 Heliogabalum

200 4067 322 4128 deduxit
345 4085 473 4148 euntque
496 4073 527 4128 iu
552 4070 709 4130 Alexandri
733 4069 851 4130 laudem
879 4073 1043 4130 infamauit.
1081 4069 1208 4148 denique
1234 4071 1352 4130 Cassius

197 4166 252 4226 cio
271 4175 303 4226 et
320 4165 431 4226 Marius
449 4167 593 4228 Maximus
615 4169 798 4246 scriptoria
820 4169 905 4230 libris
931 4171 992 4230 suis
1015 4169 1096 4228 idem
1120 4167 1155 4228 de
1180 4187 1211 4228 re
1234 4169 1352 4248 publica

197 4275 359 4326 senserunt
390 4272 421 4324 et
453 4265 490 4324 de
522 4266 647 4344 singulis
682 4269 926 4346 imperatorium,
964 4287 1032 4328 cum
1068 4275 1194 4346 uterque
1232 4275 1352 4328 senatus

198 4382 319 4424 causam
342 4361 573 4442 amplecteretur
597 4373 628 4424 et
645 4365 818 4424 defenderet
834 4349 955 4438 (Gescll.
973 4367 1043 4426 Lair.
1059 4367 1098 4424 II
1113 4365 1164 4424 84.
1185 4367 1250 4424 106
1263 4369 1352 4444 sqq),
