3234 4950
223 403 267 466 44
642 403 832 456 MVNATIVS
853 402 969 454 RVFVS

222 571 298 652 περὶ
323 565 360 652 ἧς
384 571 400 634 ὁ
425 573 576 644 πλεῖστος
600 569 706 650 λόγος,
726 565 823 652 <καέ>
841 567 994 652 καθάπερ
1017 565 1055 630 ἐν
1077 565 1220 651 δράματι
1243 572 1289 652 τῷ
1308 569 1371 652 βίῳ

222 677 322 732 τοῦτο
345 669 382 732 τὸ
405 667 505 752 μέρος
526 667 804 748 προβληματῶδες
823 664 940 749 γέγονε
957 661 1013 729 καὶ
1033 667 1169 748 ἀπορον.
1199 661 1370 748 Ἐπράχθη

225 763 261 830 δέ
288 775 409 832 τοῦτον
438 765 496 830 τὸν
522 767 660 850 τρόπον,
690 763 733 838 ῶς
761 763 887 848 ίστορεῖ
912 763 1060 847 Θρασέας
1086 765 1133 839 είς
1162 763 1371 846 Μουνάτιον,

225 865 331 948 ἀνδρα
351 865 508 940 Κάτωνος
527 861 658 946 ἑταῖρον
678 859 732 926 καὶ
753 865 952 946 συμβιωτήν,
974 859 1152 946 ἀναφέρων
1171 864 1232 944 τὴν
1248 864 1370 926 πίστιν.

219 961 276 1026 Ἐν
314 967 448 1038 πολλοῖς
486 961 636 1046 ἐρασταῖς
669 961 721 1024 καί
755 967 964 1043 θαυμασταῖς
996 971 1057 1024 τοῦ
1094 961 1251 1081 Κάτωνος
1287 955 1397 1042 ἦσανε

223 1057 343 1142 ἐτέρων
369 1057 472 1146 ἕτεροι
498 1063 624 1142 μᾶλλον
646 1061 778 1142 ἐκδηλοι
804 1059 859 1124 καὶ
881 1061 1108 1142 διαφανεῖς,
1089 1053 1136 1123 ων
1156 1055 1210 1122 καὶ
1231 1061 1371 1136 Κόιντος

219 1155 451 1244 Ὁρτήσιος,
436 1159 569 1244 ανηρα
551 1157 730 1240 ἀξιώματός
757 1179 791 1222 τε
819 1159 971 1241 λαμπροῦ
994 1155 1130 1222 καὶτὸν
1153 1159 1279 1242 τρόπον
1302 1155 1370 1220 ἐπι-

222 1259 321 1340 ειαής.
368 1255 543 1340 ἐπιθυμῶν
575 1251 638 1322 οὖν
671 1263 713 1342 τῶ
746 1255 878 1320 Κάτωνι
910 1257 954 1378 μη
988 1257 1138 1339 συνήθης
1171 1250 1256 1320 εἶναι
1289 1251 1371 1338 μηδὲ

222 1353 351 1438 ἑταῖρος
371 1357 484 1440 μόνον,
509 1351 577 1420 ἀλλ
603 1353 691 1438 δαμῶς
714 1351 754 1436 γέ
769 1375 838 1430 πως
858 1355 904 1430 εἰς
924 1357 1108 1438 οἰκειότητα
1124 1351 1297 1437 καταμῖξαι
1314 1355 1370 1418 καὶ

221 1457 402 1518 κοινωνίαν
432 1453 536 1518 πάντα
566 1451 625 1516 τὸν
648 1445 742 1518 οἷκον
764 1451 820 1516 καὶ
842 1453 880 1516 τὸ
903 1453 1001 1534 γένος
1023 1453 1211 1537 ἐπεχείρησε
1236 1453 1370 1536 συμπεί-
1383 1477 1412 1516 10

221 1561 276 1618 θει
267 1575 315 1636 ιν,
342 1553 430 1630 ὅπως
456 1553 517 1636 τὴν
546 1549 715 1636 θυγατέρα
746 1555 897 1636 Πορκίαν
922 1551 1043 1636 Βύβλῳ
1066 1559 1293 1616 συνοικοῦσαν
1313 1549 1369 1614 καὶ

221 1651 448 1734 πεποιημένην
478 1649 590 1738 ἐκείνω
624 1651 685 1714 δύο
714 1651 836 1726 παῖδας
867 1651 953 1738 αὑτῷ
980 1650 1079 1714 πάλιν
1112 1651 1220 1732 ὥσπερ
1251 1649 1368 1732 εὐγενῆ

222 1749 333 1832 χώραν
369 1747 634 1814 ἐντεκνώσασθαι
669 1747 827 1838 παράσχη.
879 1747 956 1834 δόξη
990 1744 1051 1832 μὲν
1080 1750 1144 1833 γάρ
1178 1747 1370 1829 ἀνθρώπων

222 1849 345 1912 ἀτοπον
372 1843 455 1912 εἶναι
479 1849 514 1912 τὸ
539 1855 707 1928 τοιοῦτον,
738 1847 836 1930 φύσει
863 1843 897 1910 δέ
921 1848 1023 1912 καλὸν
1047 1843 1102 1911 καὶ
1123 1849 1308 1929 πολιτικόν,
1332 1845 1369 1910 ἐν

222 1945 291 2030 ὥρα
315 1943 370 2010 καὶ
393 1945 478 2030 ἀκμῇ
503 1955 643 2028 γυναῖκα
668 1947 747 2028 μήτε
769 1943 885 2029 ἀγρεῖν
908 1947 944 2010 τὸ
968 1947 1111 2028 γόνιμον
1135 1943 1369 2026 ἀποσβέσασαν
1382 1969 1409 2008 15

221 2047 301 2126 μήτε
330 2047 467 2110 πλείονα
497 2053 563 2108 τῶν
591 2045 714 2108 ἱκανῶν
744 2041 976 2108 ἐπιτίκτουσαν
1007 2041 1158 2128 ἐνοχλεῖν
1188 2044 1244 2106 καὶ
1269 2065 1368 2108 κατα-

220 2143 400 2226 πτωχεύειν
417 2141 517 2206 οὐδέν
531 2143 700 2224 δεόμενον,
714 2141 953 2222 κοινουμένους
969 2143 1006 2206 δὲ
1018 2143 1076 2218 τάς
1092 2143 1249 2226 διαδοχάς
1263 2139 1369 2218 ἀξίοις

221 2239 362 2324 ἀνδράσι
390 2243 450 2324 τήν
477 2263 511 2304 τε
540 2239 657 2326 ἀρετὴν
687 2241 842 2324 ἄφθονον
870 2251 980 2306 ποιεῖν
1004 2239 1060 2306 καὶ
1086 2239 1277 2326 πολύχυτον
1299 2252 1369 2318 τοῖς

221 2337 331 2422 γένεσι
359 2339 413 2404 καὶ
443 2339 504 2422 τὴν
525 2341 625 2404 πόλιν
648 2339 753 2422 αὐτὴν
775 2341 860 2424 πρὸς
880 2341 986 2422 αὐτὴν
1008 2339 1274 2423 ἀνακεραννύναι
1298 2351 1368 2416 ταῖς

221 2439 428 2523 οἰκειότησιν.
465 2439 498 2501 εί
519 2437 556 2501 δὲ
578 2439 706 2515 πάντως
730 2437 914 2523 περιέχοιτο
937 2447 995 2521 τῆς
1011 2437 1206 2522 γυναικὸςό
1227 2437 1368 2521 Βύβλος,
1381 2461 1409 2501 ιο

220 2534 406 2603 ἀποδώσειν
437 2534 539 2611 εὐθὺς
567 2546 728 2601 τεκοῦσαν
756 2540 952 2621 οἰκειότερος
983 2537 1071 2627 αὐτῷ
1095 2562 1130 2601 τε
1158 2538 1280 2621 Βύβλῳ
1311 2536 1367 2601 καὶ

221 2636 355 2699 Κάτωνι
384 2638 543 2719 κοινωνίᾳ
571 2636 700 2699 παίδων
728 2638 914 2719 γενόμενος.
951 2634 1218 2720 ἀποκριναμένου
1247 2630 1285 2699 δὲ
1306 2646 1367 2699 τοῦ

220 2732 388 2817 Κάτωνος,
420 2734 463 2809 ὡς
487 2732 657 2819 Ὁρτήσιον
689 2730 748 2817 μὲν
778 2734 889 2820 ἀγαπᾷ
921 2732 975 2799 καὶ
1007 2736 1175 2819 δοκιμάζει
1201 2734 1368 2799 κοινωνὸν

219 2834 434 2915 οἰκειότητος,
462 2832 586 2897 ἀτοπον
617 2828 650 2897 δέ
680 2834 805 2915 ἡγεῖται
831 2840 1002 2897 ποιεῖσθαι
1029 2836 1131 2915 λόγον
1158 2830 1234 2914 περὶ
1257 2834 1367 2917 γάμου

219 2932 388 3023 θυγατρὸς
411 2928 510 3017 ἐτίρςο
538 2930 727 3017 δεδομένης,
756 2930 948 3014 μεταβαλὼν
977 2930 1103 3007 ἐκεῖνος
1129 2930 1190 2995 οὐκ
1218 2932 1367 3015 ὤκνησεν
1380 2955 1406 2993 τε

219 3028 514 3111 ἀποκαλυψάμενος
543 3032 646 3095 αἰτεῖν
681 3030 741 3113 την
769 3030 874 3093 αὐτοῦ
905 3042 1048 3113 γυναῖκα
1079 3030 1253 3112 Κάτωνος,
1286 3028 1367 3095 νέαν

219 3128 280 3211 μὲν
306 3122 409 3191 οὖσαν
434 3126 481 3193 ἐτι
505 3128 586 3209 πρὸς
610 3128 645 3191 66
670 3130 802 3209 τίκτειν,
822 3130 954 3211 ἔχοντος
974 3128 1010 3192 δὲ
1029 3137 1088 3193 τοῦ
1109 3128 1265 3203 Κάτωνος
1286 3128 1365 3191 ἀπο-

218 3236 350 3313 χρῶσαν
381 3228 547 3309 διαδοχήν.
592 3226 646 3291 καὶ
678 3224 739 3291 ούκ
760 3224 854 3291 ἐστιν
876 3230 991 3308 εἰπεῖν,
1013 3226 1058 3302 ὡς
1078 3236 1183 3291 ταῦτα
1204 3222 1366 3307 ἔπραττεν

219 3326 316 3401 εἰδὼς
338 3326 379 3389 ού
401 3324 607 3409 προσέχοντα
630 3334 668 3409 τῇ
692 3328 829 3411 Μαρκίᾳ
853 3326 912 3389 τὸν
935 3326 1090 3389 Κάτωνα·
1128 3326 1279 3389 κύουσαν
1301 3326 1364 3411 γάρ

218 3422 322 3505 αὐτὴν
350 3426 421 3487 τότε
450 3422 627 3507 τυγχάνειν
652 3422 817 3505 λέγουσιν.
864 3422 880 3487 6
904 3422 935 3487 δ’
961 3420 1025 3489 οὖν
1052 3424 1170 3487 Κάτων
1191 3422 1280 3509 ὁρῶν
1303 3424 1365 3505 τὴν
1377 3448 1405 3485 3ο

216 3530 276 3587 τοῦ
306 3518 478 3607 Ὁρτησίου
510 3524 659 3605 σπουδὴν
690 3520 745 3587 καὶ
773 3524 969 3609 προθυμίαν
1002 3523 1063 3587 οὐκ
1095 3522 1258 3602 ἀντεῖπεν,
1290 3520 1351 3585 ἀλλ

216 3616 280 3705 ἐφη
306 3622 377 3683 δεῖν
399 3618 454 3683 καὶ
476 3622 629 3707 Φιλίππω
648 3630 752 3685 ταῦτα
770 3620 931 3699 συνδόξαι
948 3630 994 3708 τῷ
1008 3618 1108 3704 πατρὶ
1125 3630 1184 3703 τῆς
1201 3622 1364 3701 Μαρκίας.

216 3716 260 3793 ὡς
276 3714 349 3783 οὖν
379 3718 395 3783 6
429 3718 590 3795 Φίλιππος
623 3716 810 3803 ἐντευχθεὶς
837 3716 925 3803 ἔγνω
953 3722 1014 3803 την
1047 3720 1271 3803 συγχώρησιν,
1302 3716 1364 3783 οὐκ

216 3818 324 3893 άλλως
342 3816 518 3899 ἐνεγγύησε
542 3818 602 3899 την
626 3820 783 3903 Μαρκίαν
807 3818 826 3901 ἢ
850 3820 1014 3899 παρόντος
1037 3826 1097 3883 τοῦ
1121 3818 1278 3891 Κάτωνος
1305 3816 1365 3881 αύ-

215 3924 275 3979 τοῦ
295 3914 348 3979 καὶ
370 3926 628 3997 συνεγγυῶντος
657 3920 765 3981 Ταῦτα
784 3914 845 4001 μὲν
864 3911 969 3999 οὗν,ε
953 3918 984 3981 6
1002 3914 1058 3981 και
1073 3919 1205 4001 χρόνοις
1221 3914 1364 3990 υστεοον
1375 3935 1402 3977 τε

216 4012 403 4099 ἐπράχθη,
399 4012 616 4097 μνησθέντι
612 4040 666 4079 αοι
690 4016 725 4079 τὸ
754 4026 822 4079 τῶν
844 4026 1013 4097 γυναικῶν
1036 4018 1217 4100 προλαβεῖν
1241 4010 1362 4091 ἔδοξεν

307 4220 333 4275 1.
356 4214 405 4275 καὶ
430 4216 496 4277 6666.
516 4214 631 4275 Οοναω.
