3234 4950
323 346 410 391 Lvm
570 324 617 379 DE
639 324 867 379 scelerosum
889 324 980 377 turis
1000 326 1045 377 ET
1069 322 1223 379 SCRIPTIS

320 494 415 553 Vitam
438 492 580 571 produxit
602 503 683 553 certe
708 512 801 571 usque
829 490 862 553 ad
889 486 1067 571 1311723,
1091 510 1148 571 quo
1171 490 1290 553 Asinius
1316 492 1468 551 historiam

320 610 479 669 aggressus
501 599 555 650 est.

409 690 479 749 Vtut
506 698 563 767 est,
594 688 629 749 ad
657 690 812 751 historiam
842 688 1031 747 excolendam
1058 688 1220 767 plurimum
1250 688 1353 767 ualuit,
1381 706 1466 767 quam

318 790 356 847 ob
380 807 454 866 rem,
478 808 656 866 quamquam
678 796 760 849 certa
784 794 958 865 argumenta
982 784 1132 865 deficiunt,
1156 786 1228 845 duos
1255 804 1352 845 rerum
1374 788 1466 865 serip-

317 894 398 945 tores
420 888 605 965 antiquitatis
630 886 787 962 studiosos,
806 904 823 943 a
844 884 952 961 quibus
973 902 1040 943 eum
1061 884 1195 945 auditum
1215 902 1280 943 esse
1304 886 1346 943 nil
1371 886 1467 943 obstat

318 988 478 1063 quominus
501 986 695 1062 coniciamus,
719 986 746 1045 ei
771 982 992 1045 subnexuimus
1039 986 1122 1061 prior
1147 988 1191 1043 est

687 1190 718 1249 0.
737 1188 943 1249 SVLPICIVS
967 1186 1100 1249 GALBA

315 1334 505 1411 imperatoris
530 1332 637 1393 Galbae
660 1352 741 1409 auus,
768 1332 802 1392 de
823 1348 880 1409 quo
901 1330 1059 1391 Suetonius
1081 1328 1210 1393 11111131
1233 1336 1328 1411 Anus,
1348 1338 1465 1395 clarior

313 1434 424 1493 studiis
450 1450 540 1507 qnam
568 1434 720 1505 dignitate
746 1432 821 1502 (nora
845 1434 923 1489 enim
949 1448 1085 1505 egressus
1111 1438 1284 1505 praeturae
1306 1436 1463 1507 pradum),

315 1534 509 1607 multiplicem
537 1548 595 1589 nec
621 1534 808 1589 incuriosam
838 1530 995 1587 historiam
1024 1532 1128 1589 edidit.
1164 1528 1259 1589 Natus
1286 1532 1380 1609 igitur
1408 1528 1464 1590 suit

315 1630 492 1705 comparatis
513 1626 720 1687 consulatuum
737 1624 923 1705 temporibus
949 1624 1001 1685 tilii
1022 1634 1049 1685 et
1069 1628 1184 1705 nepotis
1210 1646 1232 1687 1.
1255 1630 1315 1687 1111
1337 1624 1462 1697 151619.

314 1726 470 1805 multiplex
496 1734 596 1785 autem
617 1726 761 1803 uariaque
784 1726 872 1785 etiam
898 1724 964 1783 Atei
988 1722 1121 1783 doctrina
1143 1744 1156 1783 a
1177 1726 1319 1787 Suetonio
1345 1728 1462 1807 dicitur,

313 1826 366 1901 qni
390 1827 575 1903 octIngentos
599 1822 690 1883 libros
715 1824 994 1883 commentariorum
1024 1824 1072 1883 uel
1099 1822 1181 1901 hyles
1207 1818 1316 1909 (ὕλης)
1342 1828 1463 1907 scripsit

313 1924 518 2001 (Soletis),
550 1940 618 1981 cum
652 1924 808 1981 curiositas
843 1918 878 1979 ad
912 1920 1094 1999 diligentiam
1129 1922 1205 1999 apud
1237 1928 1461 2001 grammaticum

312 2014 474 2103 special),
507 2020 562 2079 bae
595 2020 686 2095 igitur
718 2028 782 2079 arte
808 2020 965 2079 historiam
992 2022 1124 2095 ornauit,
1154 2038 1211 2097 qua
1239 2040 1286 2081 res
1316 2016 1460 2083 Romanas

312 2118 350 2177 ab
372 2120 487 2197 origine
509 2116 596 2179 urbis
616 2136 714 2197 usque
736 2118 775 2179 ad
795 2134 881 2177 suam
902 2124 1027 2177 aetatem
1045 2118 1217 2195 complexus
1237 2128 1282 2179 111
1302 2122 1460 2197 (sr.1.2).

311 2213 469 2277 Nouerunt
494 2236 563 2275 eum
588 2216 706 2293 11111111,
730 2236 767 2275 ex
790 2236 848 2295 quo
873 2214 995 2275 Orosius
1022 2236 1074 2275 sua
1097 2221 1224 2295 sumpsit
1243 2220 1295 2295 (fr.
1313 2222 1355 2297 2),
1381 2218 1460 2297 Iuba,

311 2332 350 2373 ex
375 2334 433 2393 quo
462 2314 638 2375 Plutarchus
663 2316 717 2391 (fr.
736 2316 782 2394 1),
810 2314 932 2393 Plinius,
963 2316 1014 2393 qui
1041 2332 1108 2375 eum
1138 2318 1166 2375 in
1198 2324 1254 2377 nat.
1274 2318 1341 2377 bist.
1360 2318 1459 2378 indice

310 2420 466 2475 auctorum
488 2412 557 2474 libri
582 2428 691 2473 xxxvi
714 2414 888 2474 nominauit.

728 2615 789 2702 (le
814 2621 1044 2678 dearumve

308 2761 453 2822 irridetur
476 2783 491 2822 a
517 2763 628 2822 Seneca
652 2763 827 2842 philosopho
847 2763 1033 2842 (1111111),
1061 2763 1140 2842 quod
1166 2765 1198 2822 in
1225 2765 1358 2826 historiis
1387 2765 1457 2826 belli

307 2861 414 2920 Punici
435 2863 537 2940 inepte
556 2861 688 2922 Sallustii
713 2861 917 2940 antiquitatem
943 2871 971 2920 et
993 2861 1179 2940 breuitatem,
1204 2861 1342 2924 inductus
1367 2863 1456 2924 credo

306 2958 374 3018 Atei
399 2959 531 3020 doctrina
554 2957 744 3038 Sallustiique
770 2959 972 3038 admiratione,
997 2963 1129 3020 imitatus
1153 2961 1199 3040 sit,
1223 2969 1257 3020 ut
1279 2981 1352 3038 quae
1380 2963 1456 3042 apud

306 3057 392 3116 illum
415 3077 482 3116 rara
505 3057 641 3136 luissent,
664 3057 742 3136 apud
766 3059 845 3118 hune
869 3059 973 3116 erebra
994 3059 1087 3118 uerba
1105 3067 1207 3118 essent
1225 3067 1256 3118 et
1273 3077 1365 3138 paene
1387 3079 1455 3122 eon·

306 3159 416 3216 tinua'
439 3157 523 3234 atqui
545 3153 623 3216 idem
649 3175 717 3216 eum
740 3153 852 3216 ‘uirum
877 3175 960 3216 rarae
983 3155 1170 3236 l'rugalitatis'
1198 3157 1324 3236 appellat
1350 3157 1454 3218 simili·

305 3263 411 3332 terque
434 3248 482 3314 ³1„
506 3254 642 3314 Arruntii
667 3258 768 3332 prisca
798 3255 944 3332 grauitate
976 3255 1163 3314 celeberrimi
1198 3253 1295 3314 bdem'
1326 3257 1454 3316 Velleius

306 3355 362 3424 (II
379 3353 662 3430 8121111111
693 3355 793 3432 itaque
818 3355 958 3430 quoniam
980 3353 1017 3412 ab
1040 3363 1165 3432 utroque
1191 3355 1319 3414 eundem
1342 3355 1454 3416 dictum

305 3468 371 3510 esse
399 3453 467 3512 ueri
493 3449 677 3512 simillimum
708 3460 766 3530 est,
798 3449 835 3510 ab
866 3451 922 3512 hoc
957 3459 1052 3512 autern
1087 3451 1237 3512 consulem
1272 3455 1453 3514 ordinarium

304 3569 330 3608 a.
358 3545 487 3631 22j732
522 3559 635 3608 eertum
669 3543 752 3632 (nam
786 3551 822 3608 ab
856 3569 890 3608 eo
923 3549 1039 3610 Sosium
1080 3559 1229 3612 seruatum
1267 3569 1331 3612 esse
1363 3551 1453 3630 addit,

305 3649 487 3726 Prosopopr.
508 3649 531 3708 I
541 3666 575 3723 p.
596 3647 662 3708 143
672 3666 718 3722 sq.
735 3669 766 3708 11.
786 3641 875 3730 928),
907 3667 921 3706 1
952 3647 980 3706 L.
1007 3649 1146 3710 Arruntio
1179 3667 1236 3710 cos.
1264 3669 1285 3710 1.
1312 3647 1352 3710 22
1387 3649 1453 3710 11111

303 3745 443 3806 historias
473 3749 650 3824 compositas
675 3765 740 3806 esse
765 3763 869 3824 magna
896 3765 962 3806 cum
984 3745 1192 3824 probabilitate
1216 3749 1362 3826 sequitur,
1392 3767 1452 3806 non
1556 3743 1557 3746 ’

303 3863 320 3902 1
345 3839 780 3924 11111111.1.611ἵ)9,11111
805 3851 841 3902 ut
867 3851 1015 3904 oratorem
1043 3845 1240 3906 clarissimum
1270 3845 1396 3906 multum
1419 3847 1451 3904 in

302 3944 365 4002 uita
393 3941 542 4022 rebusque
570 3941 698 4022 publicis
725 3949 878 4002 uersatum
909 3951 935 4002 et
966 3963 980 4002 a
1009 3943 1108 4002 Tacito
1138 3943 1286 4004 laudatum
1321 3945 1355 4004 ad
1387 3945 1451 4004 illas

301 4043 478 4101 imitationis
495 4043 623 4118 ineptias
639 4041 830 4100 descendisse
844 4043 894 4100 uix
910 4041 1064 4100 credemus
1082 4037 1208 4124 (Sebanz
1228 4043 1253 4100 11
1275 4037 1307 4100 1²
1322 4037 1450 4124 11284).

303 4139 361 4198 Sed
384 4139 524 4199 nolumus
546 4139 611 4198 eius
634 4141 726 4198 uitam
749 4139 865 4217 longius
891 4143 1037 4218 persequi,
1063 4157 1138 4220 quae
1157 4139 1193 4200 ab
1213 4149 1386 4218 argumento
1405 4143 1450 4202 hi-

393 4342 419 4400 1)
437 4337 478 4390 ef.
492 4337 620 4406 quamuis
639 4341 743 4392 curiose
762 4339 925 4406 inquirerem
946 4339 1019 4394 Suet.
1035 4341 1116 4408 Vesp.
1137 4345 1158 4392 1.
