3234 4950
1253 374 1324 433 111*

172 532 257 615 ipsas
283 532 417 611 spectat,
440 526 538 611 idque
561 528 689 611 parcius
716 528 748 591 in
772 526 902 591 Graecis
925 550 1023 611 quam
1045 530 1080 591 in
1099 530 1233 613 Latinis,
1258 554 1320 593 om·

172 628 247 693 nino
275 626 423 711 neglecta
451 626 684 709 orthographia
714 626 951 708 uerborumque
982 626 1192 691 collocatione
1226 632 1323 711 atque

172 726 197 791 si
228 746 290 807 qua
319 728 487 807 praeterea
516 724 557 785 ad
589 722 803 785 aestimandas
836 724 996 787 librorum
1030 724 1325 809 manuscriptorum

172 822 380 887 auctoritates
405 822 436 883 in
463 820 661 885 editionibus
679 822 787 885 adlata
805 826 906 885 erant,
943 822 1028 905 sigla
1046 824 1222 887 secuudum
1240 824 1326 905 opti-

173 944 255 985 mam
288 942 446 1003 quamque
478 920 652 983 editionem
680 920 863 1005 significata
890 924 981 1005 sunt,
1009 944 1029 995 ς
1055 922 1180 985 codices
1214 944 1324 985 omnes

173 1018 289 1101 reliqui
312 1020 365 1083 uel
387 1016 535 1103 plerique
559 1018 613 1081 uel
636 1018 819 1081 deteriores.

258 1114 298 1179 In
330 1114 605 1179 adnotatione
637 1138 710 1177 rara
741 1116 776 1179 in
808 1114 870 1179 hoo
904 1116 1068 1181 uolumine
1103 1118 1228 1181 occasio
1261 1118 1324 1181 fuit

173 1214 293 1279 auulsis
316 1214 557 1277 enuntiatorum
581 1212 706 1277 laciniis
736 1218 880 1277 tenorem
910 1238 1002 1277 suum
1031 1214 1231 1299 restituendi,
1258 1238 1324 1277 sae-

173 1314 245 1397 pius
268 1334 339 1375 eam
364 1310 524 1375 similibus
547 1312 626 1375 locis
652 1310 1043 1397 interpretationibusque
1066 1312 1199 1397 repleui.

258 1408 460 1475 lodicibus
486 1414 641 1493 quantum
668 1410 759 1493 potui
790 1409 1042 1493 locupletissime
1069 1412 1110 1475 ad
1138 1412 1323 1493 exemplum

171 1508 288 1593 prioris
311 1508 486 1571 uoluminis
509 1508 665 1571 confectis
686 1508 758 1571 usui
785 1508 929 1571 uirorum
949 1508 1116 1572 doctorum
1135 1508 1323 1591 prospicere

172 1606 290 1691 studui,
313 1606 360 1669 ita
381 1610 499 1691 tamen,
523 1610 559 1669 ut
583 1628 657 1669 eum
680 1606 810 1669 omnino
837 1606 981 1690 exceptis
1004 1606 1233 1691 grammaticis,
1256 1608 1320 1670 nisi

172 1710 278 1769 certae
299 1704 452 1787 quaedam
474 1726 586 1769 causae
608 1706 786 1789 subessent,
804 1706 846 1767 ad
863 1706 1001 1768 uerbum
1020 1706 1203 1789 fragmenta
1222 1708 1323 1768 trans·

172 1806 239 1869 lata
271 1826 338 1867 non
371 1824 439 1867 esse
474 1802 664 1885 arbitrarer,
690 1806 761 1865 11111
790 1802 918 1887 singula
944 1802 1047 1865 uerba
1069 1826 1143 1865 cum
1166 1802 1322 1865 Hadriani

171 1906 276 1965 aetate
310 1922 494 1967 enumerare
529 1900 713 1963 desinerem.
755 1922 831 1961 nam
864 1904 940 1983 post
974 1923 1044 1965 eam
1076 1900 1212 1987 longum
1240 1900 1323 1965 illud

171 2000 323 2063 historiae
348 1998 482 2063 Latinae
501 1998 665 2063 silentium
683 2022 788 2081 usque
807 2000 849 2061 ad
866 1998 1002 2063 Seueros
1022 2000 1100 2081 hiat,
1118 2000 1179 2063 sub
1201 1998 1322 2081 quibus

172 2098 280 2181 eisque
305 2098 360 2181 qui
383 2098 486 2161 secuti
510 2102 585 2161 sunt
610 2096 861 2181 imperatoribus
883 2120 986 2181 paene
1008 2096 1092 2161 nihil
1118 2096 1181 2159 nisi
1206 2096 1322 2161 aulico·

172 2218 281 2261 corum
313 2194 504 2281 biographia
540 2196 624 2259 culta
659 2198 716 2279 est7
748 2194 840 2257 euius
867 2194 1023 2259 memoria
1051 2196 1100 2259 dis
1127 2195 1251 2279 placuit
1286 2204 1322 2257 ut

172 2294 239 2357 sola
271 2294 407 2357 historia
439 2292 590 2377 Augusta
601 2292 623 2379 1)
660 2294 870 2357 contineatur.
917 2294 1017 2357 uerba
1048 2299 1158 2357 autem
1190 2294 1219 2357 si
1250 2294 1323 2376 quis

172 2392 322 2478 requirat,
349 2392 417 2457 eius
440 2390 603 2455 uoluntati
623 2390 655 2455 C.
675 2390 835 2478 Lessingii
859 2390 1018 2455 industria
1042 2392 1244 2456 satisfactum
1264 2397 1321 2455 est.

173 2513 210 2554 ex
235 2515 298 2556 nna
319 2491 422 2576 igitur
443 2491 684 2574 adclamatione,
710 2491 747 2554 de
772 2490 863 2554 cuius
885 2493 948 2554 fide
974 2493 1135 2556 dubitatio
1155 2491 1243 2554 nulla
1264 2495 1323 2574 est,

174 2589 326 2672 quasdam
352 2589 524 2652 uerborum
549 2593 657 2670 partes
681 2589 834 2672 excerpsi.

261 2789 287 2850 1)
307 2781 443 2846 Quoniam
465 2799 566 2850 magna
586 2781 806 2850 fragmentorum
826 2781 981 2836 multitudo
999 2799 1035 2836 ex
1052 2799 1087 2836 ea
1105 2785 1134 2836 in
1153 2781 1207 2834 hoc
1222 2799 1320 2850 corpus

172 2865 332 2934 recipienda
361 2863 423 2928 luit,
451 2865 539 2916 semel
565 2863 612 2916 hic
637 2879 737 2916 moneo
761 2880 837 2916 nunc
863 2881 909 2916 me
936 2866 966 2916 et
988 2865 1019 2916 in
1042 2861 1186 2932 scripturis
1217 2863 1320 2916 codicis

172 2943 296 2998 Palatini
319 2943 508 2998 exscribendis
535 2943 709 3010 acquienisse
735 2943 830 2996 codice
854 2943 1056 3012 Bambergensi
1075 2945 1178 3012 spreto,
1197 2943 1253 2996 nisi
1273 2943 1321 2994 ubi

172 3041 203 3078 eo
229 3025 264 3078 ad
290 3025 515 3078 constituendam
540 3041 634 3078 ueram
661 3023 826 3092 scripturam
850 3023 927 3076 illius
946 3041 1016 3092 opus
1036 3028 1116 3090 esset,
1136 3027 1166 3078 et
1183 3023 1215 3074 in
1232 3025 1320 3076 nomi-

172 3105 272 3158 nandis
297 3105 365 3158 uiris
388 3103 487 3170 doctis,
511 3105 560 3172 qui
584 3105 619 3158 de
640 3103 837 3156 emendatione
856 3103 1043 3157 benemeriti
1062 3107 1164 3169 essent,
1183 3103 1252 3156 locis
1273 3105 1321 3156 nti

172 3187 381 3254 proposuissent
401 3183 518 3252 omissis,
546 3183 615 3238 siin
635 3183 758 3236 editione
779 3201 843 3236 mea
862 3183 951 3240 altera
972 3185 1049 3252 (anni
1069 3189 1149 3254 1884)
1168 3183 1320 3252 significati

172 3269 271 3318 essent.

259 3429 394 3492 Misniae
420 3451 527 3492 mense
551 3427 728 3492 Februario
752 3453 777 3492 a:
800 3445 1015 3496 CloDccoevl.
