3234 4950
632 345 657 396 C.
674 345 818 398 ASINIVS
836 345 965 400 POLLIO
1203 367 1379 412 LXXXVIIII

225 519 378 578 rhetorum
400 511 432 570 in
456 531 570 572 morem
594 511 876 590 dig1¹ediuntu1·‚ita
899 521 998 572 tamen
1020 522 1056 573 ut
1076 531 1130 574 suo
1149 515 1275 592 quisque
1296 517 1378 590 inge·

224 617 272 676 nlo
300 609 394 670 libere
420 609 585 688 indulgeat,
614 609 697 670 uelut
725 615 811 688 signo
837 619 905 670 ante
936 629 1067 690 pugnam
1086 611 1270 672 Pharsaliam
1299 611 1377 672 edito

226 711 262 772 de
288 711 443 768 atrocitate
469 707 623 786 pugnandi
651 707 826 786 declamant
848 709 1025 769 Plutarchus
1051 711 1168 784 (Pomp.
1190 711 1246 782 70)
1268 729 1378 786 pauco·

225 825 289 870 rum
316 805 457 866 nobilium
480 807 682 866 Romanorum
707 807 947 884 Graecorumque
967 809 1106 883 personis
1126 825 1206 884 usus,
1226 809 1378 886 Appianas

225 909 277 982 (Il
293 907 347 978 77)
374 903 494 984 Pompei
519 903 724 984 Caesarisque,
756 913 804 964 aut
832 905 946 965 eisdem
975 904 1050 964 locis
1074 905 1187 965 iudicia
1209 925 1262 966 sua
1285 909 1378 966 inter·

223 1011 344 1086 pellunt,
369 1011 401 1062 ut
425 1003 581 1062 Caesarem
600 1003 637 1062 ab
655 1003 760 1064 audaci
780 1001 901 1062 Adriaru
920 1003 1078 1063 traiciendi
1096 1011 1204 1062 conatu
1223 1005 1378 1080 repulsum

224 1103 374 1184 appianus
400 1101 441 1160 II
459 1101 502 1160 68
534 1101 606 1160 alios
640 1101 835 1179 admirantes
868 1101 941 1162 alios
967 1101 1221 1178 reprehendentes
1255 1101 1379 1180 inducit,

223 1189 397 1252 Plutarchus
429 1191 529 1264 (Cetea.
557 1189 613 1262 38)
645 1191 866 1272 uituperantes3
898 1200 966 1250 ante
1002 1191 1123 1250 caedem
1153 1191 1249 1250 multa
1281 1191 1378 1251 deter·

223 1293 347 1350 ruerunt
373 1293 401 1348 et
424 1287 582 1348 Caesarem
606 1295 636 1348 et
658 1291 841 1366 coniuratos,
868 1289 934 1368 sed7
955 1294 990 1346 ut
1013 1291 1055 1348 ait
1077 1288 1228 1368 appianus
1253 1291 1292 1348 II
1312 1290 1379 1348 116

223 1393 306 1470 χρῆν
331 1381 349 1446 dl
375 1381 472 1466 ἐχρῆν
494 1387 639 1466 Καίσαρι
657 1383 818 1464 γενέσθαι
840 1389 917 1464 κτλ,
947 1393 982 1445 ut
1005 1385 1182 1446 Plutarchus
1200 1389 1305 1458 (Caes.
1320 1389 1378 1461 66)

223 1481 431 1546 παντάπασιν
460 1479 622 1564 ἀπέφαινε
650 1483 810 1562 δαίμονός
838 1505 932 1556 τινος
960 1479 1201 1565 ὑφηγουμένου
1235 1483 1289 1546 ναὶ
1322 1505 1379 1546 να-

224 1585 363 1654 1οῦντος
392 1575 457 1644 ἐκεῖ
480 1581 540 1662 τὴν
565 1575 685 1662 πρᾶξιν
708 1575 812 1664 ἔργον
832 1577 1019 1662 γεγονέναι,
1050 1583 1146 1644 eidem
1176 1601 1223 1642 ces
1251 1583 1378 1644 diuersis

223 1681 405 1758 temporibus
432 1689 527 1758 gestas
554 1681 700 1760 copulant,
723 1689 758 1740 ut
774 1689 842 1758 post
861 1689 989 1740 mortem
1008 1679 1142 1740 Caesaris
1164 1681 1282 1758 multoe,
1311 1701 1378 1740 curn

223 1783 255 1840 in
282 1781 505 1838 coniuratorum
531 1797 655 1840 numero
687 1797 745 1840 rron
774 1779 909 1857 luissent,
939 1779 994 1838 hos
1017 1788 1143 1857 secutos,
1169 1779 1220 1838 sed
1246 1779 1379 1858 gloriam,

223 1895 311 1956 quam
340 1879 570 1956 appendissent,
597 1897 656 1938 non
688 1877 808 1956 adeptos
837 1877 1020 1955 eandemque
1045 1897 1134 1956 quam
1161 1877 1227 1938 illos
1252 1897 1379 1956 poenam

222 1995 326 2056 passos
359 1993 424 2036 esse
456 1977 547 2050 (Prot.
578 1977 659 2036 Caes.
684 1977 724 2036 67
746 2005 777 2022 =
799 1977 877 2052 App.
894 1977 937 2035 Π
954 1977 1042 2048 119).
1089 1977 1217 2054 denique
1251 1983 1378 2052 uterque

222 2082 379 2154 postquam
406 2091 509 2152 regem
531 2075 635 2136 Iubam
661 2093 715 2154 per
746 2073 931 2152 triumphum
958 2091 973 2132 a
1005 2073 1130 2134 Caesare
1158 2073 1280 2136 ductum
1311 2093 1378 2135 esse

224 2175 473 2250 commemorauit,
491 2193 558 2232 eum
573 2181 675 2252 postea
691 2173 816 2232 historia
830 2173 1009 2232 inclaruisse
1023 2173 1104 2232 addit
1121 2173 1212 2245 (Prot.
1230 2175 1315 2232 Caes,
1325 2174 1377 2232 55.

223 2273 298 2346 App.
316 2271 458 2344 11161),

312 2367 405 2438 Quem
435 2375 532 2430 autem
564 2387 777 2430 consensum
807 2372 903 2428 inter
932 2367 1161 2430 Plutarchum
1191 2376 1225 2428 et
1248 2369 1377 2449 Appia-

222 2486 301 2527 num
332 2467 366 2527 ab
396 2486 470 2527 anno
502 2463 630 2549 tested
657 2488 753 2545 usqne
780 2467 819 2527 ad
846 2465 982 2527 Caesaris
1011 2467 1132 2527 caedem
1164 2467 1253 2527 modo
1283 2469 1377 2527 inter·

223 2566 329 2627 cedere
351 2566 492 2645 uidimus
516 2584 595 2627 nune
627 2566 747 2627 redire
776 2566 819 2625 ad
839 2567 959 2626 Asinii
989 2566 1164 2627 historias
1194 2566 1378 2627 demonstra·

222 2664 321 2725 bimus
348 2682 475 2743 eumque
507 2666 593 2725 etiam
623 2664 700 2725 ultra
726 2666 808 2725 illam
833 2668 994 2742 pertinere.
1035 2668 1166 2743 primum
1200 2668 1278 2725 enirn
1314 2665 1378 2725 eius

221 2782 375 2841 persona
405 2762 440 2821 ab
464 2762 522 2821 illis
547 2764 732 2841 frequentius
759 2781 845 2841 quam
872 2764 905 2821 ab
932 2762 997 2823 aliis
1024 2762 1221 2841 scriptoribus
1248 2762 1378 2821 celebra·

222 2866 271 2919 tur
285 2862 486 2933 (Wtclemann
502 2882 533 2939 p.
552 2862 591 2921 11
601 2880 664 2935 sqq.
691 2864 890 2923 1163333333
902 2881 938 2937 p.
953 2860 1016 2919 661
1026 2865 1095 2939 sq),
1111 2864 1175 2921 siue
1195 2860 1230 2919 ab
1250 2869 1377 2937 utroque

223 2960 285 3019 siue
312 2960 346 3019 ab
372 2958 463 3019 altero
486 2970 563 3019 utro,
600 2978 668 3019 nam
696 2960 777 3019 adest
802 2958 922 3019 Caesari
940 2958 1126 3019 Rubiconem
1143 2962 1313 3019 transeunti
1331 2976 1377 3037 ap.

222 3056 295 3117 Plut.
322 3058 403 3119 Caes.
423 3058 474 3131 32,
505 3058 634 3119 mittitur
660 3058 697 3117 ab
726 3076 761 3117 eo
789 3060 823 3115 in
845 3058 992 3135 Siciliam,
1017 3065 1051 3115 ut
1074 3057 1216 3116 Catonem
1242 3053 1378 3133 expellat,

222 3154 425 3235 colloquioque
453 3156 478 3215 ei
503 3156 670 3235 persuadet,
696 3164 727 3215 ut
753 3174 781 3217 se
808 3158 942 3235 recipiat7
964 3172 1010 3233 ap.
1029 3156 1102 3235 App.
1120 3154 1158 3215 ll
1173 3154 1217 3213 40
1239 3148 1281 3237 (et
1301 3154 1376 3213 Plut.

222 3258 253 3313 ln
277 3274 305 3313 u.
331 3256 394 3315 Cet.
409 3248 475 3337 53),
498 3256 582 3315 cuiue
605 3256 650 3313 rei
673 3274 729 3313 nec
751 3254 858 3313 Caesar
879 3256 923 3327 (6.
945 3254 1044 3314 3131
1064 3256 1115 3313 30.
1135 3252 1188 3312 31.
1212 3254 1301 3325 113)
1321 3270 1378 3313 nee

222 3350 326 3411 Cicero
342 3354 400 3425 (ad
412 3354 470 3413 Aet.
483 3354 520 3413 X
529 3354 559 3429 1,
572 3352 607 3423 7,·
624 3352 673 3429 16,
687 3354 719 3427 3)
735 3370 790 3413 nec
807 3352 860 3411 llio
877 3354 944 3429 (dl,
953 3352 1011 3426 41)
1026 3354 1242 3433 meminerunt3
1257 3352 1377 3429 egregie

223 3448 258 3509 de
282 3450 415 3529 reliquiis
441 3452 589 3511 exercitus
615 3450 650 3511 ad
674 3450 838 3529 Bagradam
868 3451 977 3511 deuicti
1008 3449 1148 3511 seruandi
1173 3459 1308 3509 meretur
1329 3466 1376 3527 ap.

221 3542 612 3631 13311463313613331
637 3550 795 3609 Antonium
821 3556 923 3609 contra
947 3548 976 3609 P.
997 3548 1178 3609 Dolabellam
1203 3547 1280 3626 apud
1300 3546 1376 3607 Plut.

222 3648 290 3707 Aret.
307 3642 351 3731 9),
378 3668 400 3707 a.
420 3642 547 3727 aalide
573 3648 603 3707 in
624 3646 721 3707 Africa
747 3666 815 3709 cum
834 3646 959 3707 Caesare
978 3646 1123 3705 Numidas
1141 3646 1291 3725 equitibus
1315 3646 1377 3705 suis

222 3748 467 3823 superuenientes
503 3746 631 3805 feliciter
660 3745 778 3823 repellit
812 3764 855 3823 ap.
885 3744 959 3805 Plut.
994 3746 1077 3805 Caes.
1106 3744 1167 3805 52.-
1200 3742 1230 3803 α’
1262 3736 1299 3803 dl
1330 3742 1376 3823 μὴ

221 3842 350 3925 Καῖσαρ
377 3838 485 3921 αὐτός,
516 3840 582 3925 ἅμα
604 3836 641 3903 δὲ
664 3842 811 3921 Καίσαρι
838 3844 993 3903 Πολλίων
1013 3838 1180 3913 Ἀσίννιος
1206 3840 1377 3919 βοηθοῦν-

220 3960 272 4013 τες
291 3936 328 4003 ἐκ
349 3946 409 4003 τοῦ
434 3938 577 4021 χάρακος
599 3934 701 4021 ἔσχον
723 3940 783 4021 τὴν
808 3940 933 4021 φυγήν,
954 3934 1160 4021 διεπέπρακτ’
1183 3936 1224 4001 ἂν
1245 3934 1377 4001 dedie-

220 4058 281 4113 μος
305 4034 399 4123 (unde
422 4040 544 4099 Romam
571 4058 671 4099 rumor
696 4042 836 4119 peruenit
858 4058 927 4099 eum
945 4041 1049 4099 uiuum
1070 4042 1099 4099 in
1121 4054 1225 4099 manns
1246 4039 1377 4098 hostium

222 4135 349 4197 delatum
375 4156 454 4215 esse,
482 4138 541 4199 Cle.
565 4138 606 4199 od
630 4140 689 4199 Art.
709 4138 780 4199 XII
795 4138 826 4212 2,
841 4132 891 4219 I)3
918 4140 951 4197 iu
972 4136 1115 4214 Hispania
1144 4134 1259 4195 duabus
1282 4135 1376 4213 legio·

220 4234 307 4295 nibus
332 4236 500 4315 praelectus
525 4236 560 4295 ad
585 4234 746 4297 dntonium
769 4234 891 4295 uidetur
916 4234 1062 4295 inclinare
1086 4254 1132 4315 ap.
1150 4233 1222 4311 App.
1246 4234 1375 4315 11116,

220 4340 286 4409 post
314 4333 424 4395 bellum
453 4332 620 4395 llutinense
645 4334 770 4395 Antonio
800 4331 910 4394 bellum
940 4332 1051 4393 inferre
1075 4354 1091 4393 a
1120 4339 1224 4393 senatu
1255 4331 1376 4393 iubetur
