3234 4950
555 388 603 445 DE
622 386 743 445 GENTE
762 387 893 445 POPVLI
914 388 1058 445 aonam
1344 386 1382 457 19

235 568 321 637 gerite
347 560 450 637 finiuit,
478 578 511 619 ex
537 562 691 619 occasione
715 562 919 637 historiarum,
940 578 1016 637 quae
1042 578 1091 619 res
1113 562 1261 619 ueraciter
1286 570 1382 637 gestas

234 660 385 715 continent
428 660 467 717 ita
497 664 564 716 1111
593 660 720 733 ingeniis
748 654 907 717 hominum
930 658 1029 735 fictae,
1052 664 1086 716 11
1108 676 1169 717 101
1191 662 1251 717 sint
1277 676 1382 735 oppro-

233 754 307 815 briis
325 758 483 815 numinum
507 754 627 817 adfixae.

338 846 424 901 Porro
447 850 543 901 autem
567 848 736 915 quicumque
759 848 899 901 finxerunt
923 862 938 899 1
961 848 1030 901 1010
1056 846 1094 901 ad
1116 850 1245 916 stuprum
1271 850 1382 915 raptum

266 928 487 997 pulcherrimum
504 946 624 997 puerum
639 926 839 997 Ganymedem,
860 928 934 997 quod
952 928 1035 981 nefas
1052 944 1102 981 rex
1116 927 1252 981 Tantalus
1272 928 1383 981 1001101-

266 1006 326 1061 1011
351 1006 448 1063 fabula
472 1008 580 1075 tribuit,
608 1006 651 1063 uel
672 1008 783 1063 Danaes
806 1026 859 1077 per
876 1008 995 1063 imbrem
1020 1024 1136 1063 aureum
1158 1006 1299 1077 adpetisse
1318 1025 1382 1061 con-

267 1086 401 1155 cubitum,
421 1090 471 1143 ubi
485 1088 661 1159 intellegitur
675 1090 815 1157 pudicitia
828 1088 954 1143 mulieris
971 1070 1139 1143 1110111110
1155 1090 1296 1157 corrupta,
1309 1104 1382 1155 qnae

265 1168 323 1221 illis
342 1170 516 1237 temporibus
536 1170 581 1223 uel
602 1170 678 1223 fecta
695 1170 743 1223 uel
760 1170 827 1221 ficta
849 1172 915 1223 sunt
933 1172 983 1221 aut
999 1168 1078 1225 facta
1095 1168 1128 1223 ab
1145 1168 1210 1223 aliis
1226 1170 1334 1222 atficta
1350 1170 1382 1220 de

265 1248 340 1315 Ioue,
363 1250 418 1303 dici
437 1268 493 1303 non
509 1254 607 1319 potest
625 1252 761 1317 quantum
782 1250 852 1303 mali
870 1252 905 1303 de
924 1250 1068 1303 hominum
1087 1250 1308 1319 praesumserint
1323 1266 1380 1303 cor-

267 1330 360 1395 dibus,
379 1330 453 1397 quod
474 1332 588 1399 possent
608 1332 663 1383 ista
681 1330 822 1399 patienter
841 1330 914 1386 ferre
927 1330 1084 1397 mendacia,
1100 1348 1173 1399 quae
1185 1332 1282 1409 tamen
1296 1330 1381 1383 etiam

265 1408 386 1465 libenter
411 1408 534 1479 amplexi
558 1416 634 1475 1111ς
666 1412 713 1479 qui
738 1412 836 1477 utique
861 1413 966 1479 quanto
995 1412 1124 1465 deuotius
1153 1412 1248 1465 Iouem
1278 1410 1381 1475 colunt,

265 1492 346 1543 tanto
372 1506 431 1557 eos,
454 1490 503 1559 qui
526 1492 597 1543 haee
621 1492 655 1543 de
675 1492 724 1543 illo
745 1492 837 1545 dicere
858 1494 920 1545 ansi
937 1494 1010 1557 sunt,
1032 1492 1157 1547 seuerius
1175 1491 1277 1560 punire
1296 1492 1382 1543 debu-

266 1572 356 1625 erunt.
372 1604 405 1609 —
426 1570 477 1625 His
495 1572 670 1639 temporibus
684 1572 793 1627 Latona
807 1570 968 1641 Apollinem
987 1572 1106 1641 peperit,
1123 1588 1180 1625 non
1196 1572 1289 1638 illum,
1302 1573 1381 1625 cuius

267 1652 380 1705 oracula
409 1652 497 1705 solere
526 1652 632 1705 consuli
663 1654 790 1721 superius
816 1654 1016 1721 loquebamur,
1046 1652 1096 1705 sed
1122 1651 1212 1719 illurn,
1240 1654 1291 1719 qui
1317 1670 1382 1705 cum

267 1732 386 1785 Hercule
417 1732 535 1785 seruiuit
562 1734 694 1799 Admeto,
729 1734 776 1801 qui
805 1735 901 1785 tamen
932 1731 973 1785 sic
1004 1737 1049 1785 est
1080 1732 1150 1784 deus
1182 1732 1317 1798 creditus,
1352 1735 1382 1785 ut

265 1812 379 1881 plurimi
399 1828 433 1867 ac
450 1828 542 1883 paene
561 1828 656 1867 omnes
675 1832 761 1867 uuum
782 1816 957 1883 eundemque
978 1814 1138 1881 Apollinem
1159 1812 1245 1865 fuisse
1265 1813 1381 1881 01111011

266 1894 319 1949 tur.
357 1896 426 1947 tuno
449 1898 478 1949 et
503 1894 587 1963 Liber
612 1896 693 1965 pater
717 1894 838 1949 beliauit
861 1894 888 1945 in
915 1894 1007 1961 India,
1033 1894 1081 1962 qui
1105 1894 1209 1945 multas
1233 1894 1335 1945 habuit
1353 1894 1382 1945 in

267 1974 391 2029 0110101111
418 1974 551 2041 feminas,
576 1990 649 2041 quae
676 1974 803 2029 Bacchae
829 1975 992 2044 appellatae
1014 1978 1094 2039 sunt,
1116 1990 1174 2027 non
1194 1977 1254 2027 tam
1275 1972 1381 2027 uirtute

266 2054 376 2109 nobiles
395 2072 480 2125 qnam
499 2054 599 2109 furore.
633 2056 723 2123 aliqui
743 2072 811 2109 sane
828 2060 860 2109 et
876 2056 985 2109 nictum
1002 2056 1130 2107 scribunt
1149 2056 1235 2107 istum
1250 2054 1382 2107 Liberum

267 2138 298 2189 01
320 2134 459 2203 uinctum,
484 2134 613 2189 nonnulli
636 2138 665 2189 et
688 2136 811 2191 occisum
833 2136 980 2205 inpugna
999 2152 1014 2187 a
1034 2136 1133 2189 Perseo
1156 2134 1277 2192 necubi
1296 2134 1382 2187 fuerit

267 2216 393 2287 sepultus
414 2218 516 2281 tacent,
537 2218 680 2269 ettamen
698 2218 757 2271 eius
777 2216 859 2269 uelut
876 2218 924 2272 dei
941 2216 1055 2269 nomine
1072 2232 1124 2285 per
1144 2216 1295 2269 inmundos
1316 2214 1382 2269 dae-

266 2314 363 2351 mones
388 2296 579 2351 Bacchanalia
609 2314 688 2351 sacra
711 2298 758 2351 uel
783 2297 878 2365 potius
906 2296 1055 2365 sacrilegia
1080 2299 1147 2347 sunt
1173 2296 1319 2361 instituta,
1348 2296 1382 2349 de

267 2394 385 2445 quorum
403 2378 516 2431 rabiosa
535 2378 711 2445 turpitudine
731 2380 794 2449 post
812 2381 873 2431 tarn
889 2375 995 2431 multos
1014 2392 1103 2431 annos
1122 2376 1163 2429 sic
1186 2378 1301 2431 senatus
1320 2392 1382 2429 eru·

267 2458 337 2526 buit,
358 2460 389 2512 ut
408 2458 438 2512 in
460 2458 530 2510 urbe
550 2458 638 2512 1101111
661 2477 721 2514 0110
741 2458 911 2528 Prohiberet,
946 2477 998 2528 per
1016 2477 1052 2512 ea
1068 2458 1197 2526 tempora
1217 2457 1334 2510 Perseus
1354 2461 1382 2510 et

266 2557 334 2594 uxor
360 2539 418 2594 eius
442 2539 622 2594 Andromeda
645 2543 830 2608 posteaquam
856 2544 921 2594 sunt
943 2541 1061 2606 mortui,
1086 2539 1127 2592 sie
1151 2555 1197 2594 eos
1224 2537 1253 2590 in
1273 2537 1381 2592 caelum

266 2621 394 2688 receptos
420 2637 479 2676 esse
503 2621 690 2688 crediderunt,
714 2623 747 2674 ut
769 2621 910 2690 imagines
933 2636 1029 2674 eornm
1053 2619 1142 2672 stellis
1168 2621 1316 2689 designare
1336 2637 1381 2672 eo-

265 2717 383 2768 rumque
402 2699 549 2770 appallare
567 2701 727 2756 nominibus
746 2719 802 2756 non
821 2701 1025 2767 erubescerent,
1046 2717 1102 2754 non
1120 2699 1259 2756 timerent.

339 2785 443 2852 (014.)
473 2781 621 2834 Periclem
642 2783 777 2852 temporis
802 2781 985 2836 interuallum
1006 2783 1177 2835 exstiterunt
1197 2783 1313 2850 poetae,
1332 2780 1381 2848 qui

267 2863 353 2916 etiarn
377 2861 503 2930 theologi
526 2863 697 2928 dicerentur,
724 2863 859 2930 quoniam
881 2863 918 2916 de
940 2861 996 2914 diis
1014 2861 1140 2916 carmina
1160 2861 1311 2924 faciebant,
1332 2861 1380 2916 sed

266 2943 373 2998 talibus
387 2943 440 3012 dis,
450 2943 500 3010 qui
513 2940 581 2996 lieet
596 2945 692 3012 magni
705 2943 845 3011 homines,
859 2945 954 2998 tamen
969 2943 1097 2996 homines
1111 2942 1284 3010 11011111(-
1299 2957 1351 2996 nec
1365 2959 1381 2996 a

265 3023 394 3078 fabuloso
415 3025 529 3078 deorum
551 3039 663 3076 suorum
683 3023 818 3078 dedecore
838 3023 1381 3092 0111111111εο11111010101101111),

266 3101 407 3174 Orpheus,
432 3103 574 3170 Musaeus,
600 3103 693 3158 Linus.
727 3119 824 3158 uerum
843 3104 891 3158 isti
915 3103 1043 3172 theologi
1059 3103 1127 3156 deos
1151 3103 1306 3170 coluerunt,
1323 3121 1380 3158 non

265 3185 376 3254 prodis
394 3185 464 3238 culti
485 3189 559 3252 sunt,
576 3185 706 3254 quemuis
723 3185 865 3254 Orpheum
876 3185 1043 3254 nescioquo
1056 3185 1139 3237 modo
1159 3185 1277 3240 infernis
1295 3185 1380 3237 sacris

265 3267 314 3320 nel
331 3263 427 3334 potius
446 3263 601 3336 sacrilegiis
621 3265 770 3336 praeficere
792 3263 881 3320 soleat
900 3265 1002 3320 ciuitas
1020 3267 1171 3335 inpiorum.
1197 3283 1267 3319 uxor
1287 3269 1380 3320 autem

265 3347 340 3418 regis
361 3347 550 3412 Athamantis,
569 3361 640 3414 quae
660 3347 817 3400 uocabatur
833 3347 892 3414 Ino,
912 3347 941 3400 et
959 3347 1019 3401 0111
1035 3347 1110 3399 filins
1123 3347 1283 3402 Melicertes
1300 3365 1380 3416 prae·

266 3427 366 3496 cipitia
390 3431 544 3496 spontaneo
568 3427 597 3480 111
621 3427 691 3482 mari
714 3427 860 3496 perierunt
882 3430 912 3482 et
934 3427 1067 3496 opinione
1089 3427 1236 3480 hominum
1256 3426 1289 3480 in
1312 3428 1379 3481 deos

266 3509 349 3562 relati
375 3511 450 3574 sunt,
476 3509 549 3562 sicut
574 3509 625 3562 alii
646 3507 774 3562 homines
800 3525 894 3562 eorum
918 3512 1088 3577 temporum,
1110 3507 1207 3562 Castor
1227 3510 1254 3560 et
1272 3507 1379 3560 Pollux.

265 3587 345 3642 illem
372 3605 438 3642 sane
459 3587 614 3644 Melicertis
636 3591 754 3644 matrem
778 3589 968 3644 Leucotheam
988 3587 1102 3656 Graeci,
1125 3587 1264 3642 Matutam
1285 3589 1380 3642 Latini

265 3671 446 3736 uocauerunt,
465 3669 577 3738 utrique
597 3671 692 3724 tamen
710 3671 845 3738 putantes
864 3671 953 3722 deam.

321 3855 363 3902 21.
381 3851 421 3914 Of.
434 3851 550 3920 Aupost.
563 3851 594 3902 de
609 3869 629 3904 0.
640 3847 667 3902 d.
685 3851 727 3904 VJ
739 3855 754 3902 9
774 3847 821 3902 Sic
834 3848 1025 3902 Bacchanalia
1041 3863 1148 3902 summa
1164 3849 1380 3902 celebrabantur

231 3919 349 3988 insania,
361 3921 409 3974 ubi
426 3921 526 3974 Varro
543 3921 603 3990 ipse
620 3919 766 3976 confitetur
777 3937 795 3974 a
805 3919 1013 3974 Bacchantibus
1028 3920 1101 3974 talia
1115 3921 1243 3974 fierinon
1251 3921 1379 3989 potuisse

230 3991 284 4046 uisi
309 3995 401 4046 1101110
428 3995 573 4046 commota.
598 3993 670 4046 haec
688 3997 782 4046 tamen
803 3995 902 4061 postea
921 3989 1125 4060 displicuerunt
1143 3993 1254 4046 senatui
1275 3993 1379 4046 saniori

231 4069 259 4118 et
276 4081 312 4118 ea
329 4063 412 4118 iussit
432 4065 542 4118 auferri.

323 4235 507 4294 11101110
531 4253 595 4292 0111
616 4257 631 4312 p
655 4249 711 4292 orn.
733 4235 878 4292 Dorobort
976 4238 1025 4292 14.
1051 4253 1138 4310 quem
1164 4253 1231 4292 oum
1251 4235 1379 4292 Hercule

230 4325 330 4382 ferunt
363 4325 485 4382 Admeti
516 4323 593 4400 regis
627 4327 762 4380 armenta
795 4325 914 4398 pauisse
941 4325 1020 4396 eealp.
1135 4325 1187 4382 35.
1210 4323 1378 4382 adamantis

231 4415 311 4472 codd.
326 4419 448 4486 praeter·
471 4415 488 4472 b
578 4413 746 4470 melicertes
769 4415 786 4470 b

1131 4512 1166 4564 2*
