3234 4950
311 354 385 401 LXII
563 332 608 383 Db*
631 332 860 385 SCRIPTOBVM
880 330 972 386 Viris
991 332 1037 383 ET
1058 332 1215 387 SCRIPTIS

310 518 400 579 quam
423 518 482 557 non
508 500 597 559 armis
622 508 652 561 et
674 502 771 579 gloria
791 500 845 559 sed
868 510 930 560 arte
957 509 984 559 et
1008 501 1191 561 humanitate
1214 500 1272 560 sibi
1293 511 1460 577 parauerat.

309 598 377 659 Fuit
403 596 562 659 Gaditanus
592 604 678 677 atque
710 618 776 659 cum
799 606 903 659 contra
926 598 1090 659 Sertorium
1119 598 1267 676 stipendIa
1289 598 1418 677 fecisset,
1444 620 1458 659 a

309 696 449 773 Pompeio
475 698 594 755 ciuitate
612 696 741 757 Romana
769 696 901 775 donatus,
920 696 957 755 de
975 716 1033 775 qua
1052 693 1218 778 attitiae
1239 716 1310 759 reus
1329 698 1422 758 laetus
1444 718 1459 759 3

308 794 459 873 Pompeia,
487 794 602 873 Crasso,
631 794 774 857 Cicerone
799 794 939 855 defensus
964 804 1017 875 est,
1041 804 1145 875 postea
1167 794 1205 855 ab
1228 800 1293 855 eius
1317 796 1459 857 historico

307 892 486 971 Theophane
512 892 685 971 Mytilenaeo
715 892 868 971 adoptatus
895 901 948 953 est.
982 896 1083 971 itaque
1111 912 1149 953 ne
1175 896 1206 953 ei
1226 896 1416 954 aduersarius
1442 914 1458 955 e

307 992 413 1051 castris
442 1000 536 1069 esset,
563 1010 581 1049 a
607 990 731 1051 Caesare
763 992 948 1069 impetrauit,
969 999 1004 1051 ut
1030 992 1107 1051 bello
1132 992 1214 1051 ciuili
1237 1010 1270 1051 se
1292 992 1458 1053 abstineret

307 1096 397 1169 atque
418 1096 536 1169 togatus
558 1090 670 1149 urbana
697 1088 791 1149 oliicia
813 1094 842 1149 el
857 1096 1032 1169 praestaret,
1055 1092 1214 1167 omniaque
1234 1094 1400 1169 temptauit,
1423 1100 1458 1151 ut

307 1186 494 1265 Ciceronem,
526 1206 653 1267 quocum
680 1196 743 1247 arta
772 1188 971 1247 familiaritate
995 1190 1170 1247 coniunctus
1196 1196 1271 1267 erat,
1294 1208 1311 1247 a
1334 1189 1457 1267 Pompei

306 1286 447 1345 societate
477 1290 628 1347 retineret.
665 1304 721 1347 nec
750 1304 818 1345 eum
847 1286 978 1347 deseruit
1007 1286 1145 1345 omnibus
1170 1286 1263 1345 rebus
1290 1284 1456 1363 desperatis

306 1402 344 1443 er
361 1380 484 1445 Graecia
503 1386 536 1445 in
552 1384 667 1445 ltaliam
687 1402 852 1445 reuersum.
886 1403 955 1445 nam
971 1384 1052 1445 illius
1072 1384 1261 1463 potissimum
1278 1402 1369 1462 opera
1388 1404 1455 1445 esse

305 1482 416 1541 facturn
434 1482 562 1559 uidetur,
583 1490 614 1541 ut
635 1482 742 1543 Caesar
763 1484 788 1541 ei
808 1484 972 1543 clementer
988 1484 1107 1541 ueniam
1134 1482 1224 1541 daret.
1249 1484 1358 1541 mansit
1381 1484 1455 1543 haec

305 1580 487 1641 consuetudo
523 1598 590 1641 curn
618 1580 776 1659 Cicerone,
808 1582 895 1642 euius
921 1580 1023 1660 libros,
1055 1584 1144 1641 etiam
1169 1582 1344 1659 priusquam
1377 1582 1455 1641 foras

304 1680 477 1757 ederentur,
511 1678 628 1757 legendi
661 1680 812 1739 studiosus
844 1681 901 1741 tuit
923 1682 981 1751 (ad
998 1682 1058 1739 Aac.
1080 1680 1131 1753 13,
1150 1679 1256 1754 21,4;
1279 1679 1393 1757 223),
1416 1680 1454 1739 ad

304 1796 394 1857 quem
418 1776 529 1857 aliquot
553 1778 695 1857 epistulas
715 1778 798 1837 nohis
820 1788 954 1837 seruatas
972 1780 1092 1855 scripsit
1107 1780 1165 1853 (ep.
1182 1780 1224 1837 ad
1242 1780 1302 1837 Ait.
1319 1778 1401 1851 &15
1415 1779 1453 1837 Α.

304 1876 334 1951 9,
351 1876 369 1935 7
385 1878 418 1935 B.
438 1876 468 1951 9,
483 1878 577 1951 raa,
601 1894 668 1937 aum
700 1878 791 1953 Oppio
817 1878 884 1952 9,7
898 1878 950 1955 Α),
976 1878 1107 1955 itemque
1138 1895 1237 1937 amans
1267 1878 1323 1937 luit
1347 1876 1452 1935 Varro·

302 1976 350 2035 nis
379 1976 459 2047 (die.
479 1978 524 2035 ad
544 1976 568 2051 f.
590 1976 617 2049 9,
635 1976 662 2051 6,
678 1976 714 2049 1)
742 1976 915 2053 amicusque
950 1994 1018 2035 eum
1048 1975 1173 2035 aliorum
1207 1974 1452 2035 Caesarianornm

301 2078 365 2133 turn
394 2072 494 2151 Hirtii,
526 2074 576 2153 qui
604 2072 640 2131 ad
668 2092 735 2133 eum
766 2072 873 2133 librum
901 2081 1038 2133 octauum
1066 2074 1101 2135 de
1125 2072 1203 2133 hello
1225 2072 1337 2133 Gallico
1359 2076 1443 2133 misit

301 2172 399 2231 Vnum
429 2172 526 2249 ipsius
556 2170 698 2231 historiae
730 2170 927 2249 fragmentum
963 2172 1086 2231 dubium
1123 2191 1189 2231 esse
1221 2180 1321 2249 potest
1351 2174 1451 2231 utrius

301 2270 334 2329 L.
355 2268 484 2330 Cornelii
507 2270 591 2331 Balbi
613 2272 664 2351 sit,
689 2288 757 2329 nam
778 2272 866 2330 etiam
886 2272 991 2347 minor,
1012 2270 1133 2329 maioris
1151 2270 1252 2328 fratris
1271 2269 1357 2346 lilius,
1378 2270 1451 2328 item

301 2366 510 2447 Caesarianus,
539 2372 590 2447 qui
613 2390 638 2429 a.
659 2364 784 2435 19ll35
808 2388 845 2429 ex
866 2370 966 2429 Africa
988 2369 1198 2447 triumphauit,
1224 2371 1337 2447 scripta
1360 2387 1449 2447 quae·

301 2466 367 2528 dam
403 2466 505 2546 edidit,
535 2475 716 2548 praetextam
745 2466 781 2526 de
810 2487 863 2528 suo
892 2469 999 2528 itinere
1029 2466 1065 2528 ad
1092 2468 1124 2526 t.
1148 2466 1305 2526 Lentulum
1333 2485 1449 2544 procos.

198 2623 199 2626 ,
301 2561 1169 2642 33111313333333(3.133’393339933933133123194)
1201 2574 1228 2626 et
1257 2559 1450 2644 Ἐξηγητικά

301 2667 416 2738 (Macr.
426 2673 481 2726 sat.
493 2667 550 2724 HI
561 2665 644 2742 6,]6.
668 2667 755 2726 Sera.
769 2667 810 2726 ad
819 2669 894 2724 Aera.
906 2665 1055 2738 1V127).
1084 2663 1137 2725 sed
1151 2672 1179 2724 et
1195 2665 1273 2742 quod
1288 2663 1449 2724 Suetonius

301 2763 353 2838 (fr.
369 2763 405 2836 I)
425 2763 537 2826 addidit
556 2761 827 2840 ‘familiarissimas
845 2759 1008 2842 Caesaria’,
1027 2766 1123 2842 aptius
1144 2763 1179 2820 de
1198 2765 1309 2822 maiore
1330 2761 1448 2842 dicitur,

299 2869 329 2922 et
354 2861 430 2940 quod
455 2865 485 2922 in
509 2863 632 2922 historia
656 2863 786 2942 Augusta
808 2864 972 2940 imperator
992 2861 1136 2923 Balbinus
1162 2863 1309 2940 originem
1338 2859 1448 2922 ducere

299 2961 429 3020 uoluisse
457 2961 564 3022 dicitur
586 2963 653 3036 (ait,
673 2963 701 3036 7,
717 2961 751 3034 ri)
779 2959 803 3018 ‘a
830 2961 918 3020 Balbo
944 2961 1080 3020 Cornelio
1102 2953 1294 3042 Theolane1),
1320 2960 1371 3037 qui
1394 2979 1449 3038 per

299 3057 536 3138 Cn.Pompeium
550 3061 701 3120 ciuitatem
717 3069 874 3138 meruerat,
891 3077 959 3120 cum
976 3066 1057 3120 esset
1076 3075 1147 3120 suae
1164 3059 1278 3136 patriae
1296 3057 1447 3118 nobilissi-

298 3175 363 3216 mus
383 3155 522 3236 idemque
541 3157 680 3218 historiae
703 3153 853 3238 scriptor’.
882 3158 975 3218 Omisl
989 3159 1193 3216 testimonium
1209 3157 1323 3216 Sidonii
1336 3155 1446 3234 Apolli-

211 3247 213 3252 ‘
297 3257 392 3332 naris,
425 3259 476 3334 qui
510 3257 545 3316 ad
577 3255 821 3336 Burgundionum
852 3259 974 3334 scripsit
998 3257 1065 3329 (IX
1085 3257 1137 3330 14,
1156 3256 1206 3328 7)·'
1238 3257 1357 3316 Eminet
1391 3257 1447 3316 tibi

298 3357 435 3414 thematis
462 3359 653 3416 celeberrimi
674 3359 782 3416 33333
804 3357 978 3429 redhibitio,
1002 3359 1071 3414 luas
1093 3357 1236 3414 uidelicet
1252 3357 1446 3430 peroranda,

297 3471 388 3528 quam
413 3455 562 3528 edideras,
592 3455 666 3514 laiii
693 3457 844 3514 Caesario.
881 3471 961 3528 qaae
985 3459 1118 3514 materia
1147 3460 1208 3512 tam
1231 3455 1364 3528 arandis
1392 3461 1446 3528 est,

296 3555 525 3612 dicturientem
547 3555 575 3612 si
602 3557 668 3626 quis
693 3555 791 3630 faerit
819 3557 868 3612 iiie
898 3555 1128 3626 copiosissimae,
1155 3553 1233 3611 nihii
1260 3554 1443 3624 ampliaria

297 3653 362 3724 ipsa
392 3651 499 3710 debeat
529 3669 650 3726 cauere,
677 3669 768 3726 qaam
794 3669 835 3710 ne
861 3651 936 3726 auid
963 3655 1062 3709 minas
1090 3653 1182 3709 dieat.
1214 3667 1285 3708 raam
1308 3650 1336 3707 ai
1357 3653 1444 3708 omit·

297 3753 411 3822 tantur,
434 3767 514 3822 quae
538 3753 574 3810 de
598 3753 693 3810 titulis
718 3751 879 3810 dictatoris
907 3753 1018 3810 inaieti
1042 3753 1160 3824 sermio
1184 3749 1346 3806 Patauinis
1372 3755 1445 3806 sunt

295 3849 505 3922 notaminibus,
523 3853 591 3924 qais
604 3865 698 3924 opera
712 3849 857 3923 Saetoreii,
872 3851 941 3921 qais
955 3849 1092 3906 Iaaeutii
1104 3847 1263 3906 Martialis
1275 3848 1443 3919 historiam,

295 3949 401 4018 quisae
433 3949 477 4004 ad
508 3951 675 4008 extremum
702 3947 791 4006 Balbi
825 3947 1043 4020 ephemeridem
1073 3945 1170 4022 fando
1201 3947 1444 4018 adaequaaerit?

385 4191 410 4256 1)
429 4187 547 4258 Propter
567 4189 780 4258 adoptationem
799 4189 886 4242 etiam
904 4189 959 4242 bne
975 4187 1089 4242 nomine
1105 4203 1170 4242 eum
1188 4205 1271 4242 usum
1284 4203 1344 4240 esse
1359 4185 1442 4254 Capi·

293 4267 400 4320 tolinns
418 4269 556 4336 opinatur.
583 4269 677 4338 itaque
697 4287 753 4324 non
774 4287 843 4338 opus
856 4274 902 4324 est
915 4268 1037 4322 Cichorii
1051 4269 1212 4322 coniectura
1228 4269 1257 4320 ‘a
1271 4269 1360 4323 Bulbo
1378 4269 1442 4324 Cor-

293 4353 365 4404 nelio
384 4355 409 4402 et
426 4369 443 4404 3
466 4351 569 4418 Theos)
587 4353 667 4422 (Bam
685 4369 713 4404 3.
731 4351 826 4420 Myra.
841 4369 867 4420 p.
885 4353 918 4420 7).
