3234 4950
752 378 927 431 uxumrtn
1373 380 1413 441 27

261 546 343 605 misit
366 546 575 625 mandauitque
599 549 643 607 eis
666 553 829 625 pactusque
857 552 907 623 est,
934 552 974 623 ut,
1000 546 1024 603 si
1050 546 1156 625 popolo
1177 546 1307 605 Romano
1330 546 1415 607 uide-

262 652 357 722 retur,
385 647 565 723 permutatio
592 646 680 705 lieret
707 646 902 723 captiuorum.
931 678 971 685 -
997 644 1065 721 hoc,
1093 646 1266 721 priusquam
1296 646 1415 721 prolici-

262 751 426 821 scerentur,
442 742 661 803 iusiurandum
678 761 727 805 555
745 742 842 821 adegit
862 742 1009 803 redituros
1030 760 1095 803 esse
1115 744 1144 799 in
1166 748 1260 803 castra
1276 742 1413 823 Poenica,

262 842 288 899 si
319 840 445 901 Romani
478 844 612 919 captiuos
643 862 704 901 non
737 850 948 920 permutarent.
995 842 1123 901 leniunt
1153 840 1276 901 Romam
1311 840 1415 901 11555111

235 943 383 1018 sceptrui,
405 940 577 1001 mandatum
599 940 692 1001 Poeni
715 942 904 1019 imperatoris
930 944 958 999 in
986 948 1088 999 senatu
1115 946 1272 1017 exponunt,
1297 958 1414 1019 permu-

262 1040 333 1097 tatio
357 1040 473 1099 senatui
496 1058 557 1099 non
577 1038 696 1117 placita.
711 1072 754 1081 —-
772 1046 836 1099 tum
863 1048 927 1099 octo
947 1038 1049 1099 5111115
1068 1036 1284 1117 postliminium
1304 1040 1414 1099 iustum

261 1156 321 1195 555
348 1156 414 1197 5555
443 1136 501 1195 sibi
527 1138 759 1215 responderunt,
788 1138 928 1217 quoniam
957 1136 1071 1197 deiurio
1100 1138 1194 1197 uincti
1221 1136 1329 1215 forent,
1356 1142 1414 1195 sta-

260 1236 384 1315 timque,
405 1238 451 1296 uti
473 1238 565 1295 iurati
583 1245 678 1315 erant,
697 1234 733 1297 ad
752 1234 946 1297 Hannibalem
965 1236 1096 1313 profecti
1116 1244 1191 1297 sunt.
1227 1234 1283 1293 duo
1306 1234 1415 1315 reliqui

260 1334 372 1393 llomae
398 1342 573 1395 manserunt
600 1334 770 1413 solutosque
795 1354 918 1393 essese
943 1352 976 1393 ac
1000 1332 1138 1393 liberatos
1167 1334 1310 1411 religione
1334 1334 1413 1393 dice-

220 1448 248 1485 15
261 1430 339 1509 bant,
361 1436 509 1513 quoniam,
535 1452 604 1493 cum
630 1436 744 1511 egressi
765 1440 864 1493 castra
886 1432 1015 1493 hostium
1046 1432 1180 1513 luissent,
1206 1434 1414 1493 commenticio

262 1530 385 1591 consilio
408 1534 539 1611 regressi
563 1532 677 1611 eodem,
700 1541 849 1609 tamquam
875 1532 898 1591 si
920 1532 954 1591 oh
976 1530 1104 1609 aliquam
1124 1532 1272 1591 fortuitam
1296 1550 1414 1591 causam

260 1630 355 1689 issent
375 1638 462 1711 atque
481 1632 521 1691 ita
541 1632 606 1691 iure
626 1630 752 1691 iurando
770 1630 920 1689 satisfacto
941 1648 1061 1689 rursum
1078 1632 1200 1689 iniurati
1220 1630 1414 1689 abissent—-

261 1726 414 1789 Cornelius
444 1736 541 1789 autem
570 1728 669 1807 Nepos
696 1732 727 1789 in
755 1728 831 1789 libro
865 1726 1067 1807 exemplorum
1098 1730 1200 1807 quinto
1235 1726 1262 1787 id
1297 1748 1413 1807 quoque

259 1826 368 1886 litteris
390 1826 543 1887 mandauit
562 1828 663 1887 multis
683 1830 712 1887 in
733 1834 837 1887 senatu
863 1828 1017 1907 placuisse,
1041 1834 1074 1885 ut
1097 1826 1136 1903 lri,
1156 1828 1206 1907 qui
1233 1824 1329 1885 redire
1351 1828 1413 1885 nol·

220 1924 330 2003 51551,
355 1926 432 1985 datis
454 1924 627 1987 custodibus
650 1926 688 1987 ad
709 1924 904 1987 Hannibalem
932 1924 1157 2005 deducerentur,
1183 1924 1322 1985 sedeam
1347 1944 1413 1985 sen-

260 2026 383 2083 tentiam
405 2044 530 2085 555515
554 2024 695 2105 plurium,
717 2024 825 2103 quibus
849 2024 881 2083 id
902 2044 961 2083 non
982 2022 1143 2101 uideretur,
1166 2030 1341 2103 superatam,
1364 2044 1413 2085 eos

260 2129 369 2201 tarmen,
391 2126 444 2203 qui
466 2122 504 2183 ad
525 2122 721 2185 Hannibalem
745 2142 806 2183 non
828 2122 987 2201 redissent,
1009 2140 1104 2203 usqne
1129 2122 1200 2183 adeo
1229 2122 1413 2183 intestabiles

259 2222 432 2299 innisusque
460 2222 566 2302 luisse,
591 2231 627 2281 ut
652 2222 783 2281 taedium
811 2224 889 2281 uitae
916 2222 1051 2301 ceperint
1073 2240 1238 2301 necemque
1262 2220 1319 2281 sihi
1343 2242 1412 2281 con-

261 2320 412 2381 sciueriut.
1374 2378 1376 2381 .

220 2433 247 2471 2⁰
349 2415 408 2481 3³¹⁴.
438 2422 508 2480 dell.
529 2422 574 2482 VI
592 2422 685 2497 ld]
716 2418 858 2480 Pulcrum
883 2428 969 2500 atque
994 2416 1116 2480 liberale
1143 2428 1232 2498 atque
1259 2422 1413 2498 magnani-

261 2537 341 2576 mum
370 2519 479 2580 lactum
510 2519 624 2580 Tiberii
649 2519 819 2598 Sempronii
851 2519 977 2580 Gracchi
1009 2519 1040 2576 in
1073 2519 1217 2598 exemplis
1248 2519 1413 2598 repositum

261 2623 315 2676 cst.
350 2617 384 2677 ld
406 2617 576 2696 exemplum
598 2617 807 2678 huiuscemodi
830 2627 887 2678 est:
922 2619 951 2678 L.
978 2617 1111 2696 Scipioni
1133 2615 1272 2694 Asiatico,
1299 2617 1326 2676 P.
1350 2617 1412 2688 Sci-

260 2717 357 2792 pionis
380 2717 510 2776 Africani
538 2719 700 2794 superioris
728 2717 826 2794 fratri,
852 2717 881 2776 C.
901 2717 1050 2776 Minucius
1074 2715 1245 2792 Augurinus
1272 2717 1412 2774 tribunus

260 2813 339 2892 plebi
362 2815 486 2874 multam
508 2818 652 2894 irroganit
677 2833 804 2894 eumque
828 2813 866 2874 511
890 2833 954 2876 eam
980 2833 1097 2874 causam
1118 2813 1243 2894 praedes
1261 2813 1410 2892 poscebat.

220 2926 246 2964 25
262 2912 360 2991 Scipio
384 2913 539 2972 Africanus
569 2915 668 2974 lratris
696 2915 816 2974 nomine
845 2913 881 2972 ad
909 2913 1068 2990 collegium
1090 2913 1280 2972 tribunorum
1305 2933 1411 2992 prouo-

261 3011 344 3068 cabat
373 3011 565 3091 petebatque,
593 3021 629 3072 ut.
656 3016 758 3072 uirum
787 3011 975 3072 consularem
1006 3011 1275 3092 triumphalemque
1308 3031 1322 3070 a
1354 3011 1410 3072 col-

259 3109 342 3186 legae
376 3113 405 3169 ui
438 3109 640 3171 defenderent.
688 3118 753 3170 octo
783 3109 897 3170 tribuni
932 3111 1049 3188 cognita
1080 3129 1170 3170 causa
1202 3109 1411 3170 decreuerunt.

260 3207 331 3266 Eius
350 3209 464 3268 decreti
482 3209 583 3287 uerba,
603 3227 679 3288 quae
697 3211 792 3288 posui,
816 3227 850 3268 ex
876 3209 1023 3268 annalium
1044 3209 1245 3268 monumentis
1263 3211 1411 3288 exscripta

260 3313 341 3364 sunt:
368 3303 462 3376 ‘Quod
486 3307 516 3366 P.
537 3307 637 3386 Scipio
658 3308 816 3368 Africanus
844 3309 1005 3386 postulauit
1033 3325 1085 3386 pro
1117 3307 1145 3366 L.
1169 3307 1306 3386 Scipione
1328 3307 1410 3366 Asia-

349 3497 381 3552 2.
403 3497 465 3550 Ve'el.
481 3497 553 3552 Acte.
568 3499 603 3565 fr.
621 3503 638 3552 3
655 3507 682 3554 et
699 3499 791 3552 adnot.

348 3569 380 3624 3.
398 3571 464 3624 Est
476 3587 576 3624 555155
587 3572 705 3640 Nepotis
718 3571 846 3626 omissum
863 3575 906 3636 est,
927 3577 1016 3624 115555
1034 3571 1082 3624 boc
1100 3571 1251 3638 exemplum
1269 3573 1411 3626 5555515111

259 3647 396 3709 surreptum
418 3659 472 3696 esse
496 3659 528 3694 ec
552 3659 603 3711 quo
628 3643 777 3710 5555151555
801 3643 953 3710 5115555511
977 3641 1113 3696 5515555151
1133 3645 1235 3710 cupitis
1256 3649 1324 3696 recte
1348 3659 1409 3696 coo-

259 3713 399 3767 eluserunt
406 3713 614 3768 Machorones
628 3715 660 3768 de
673 3714 862 3781 1551155.Ῑῖ
869 3719 957 3782 pisid
971 3713 1409 3768 5111.11555111501115151511111.

261 3783 370 3836 Gellius
381 3803 409 3854 p.
421 3790 476 3840 668
492 3789 565 3851 (5555
579 3787 694 3840 Herteio
707 3787 740 3838 iu
754 3787 813 3840 eea.
827 3785 867 3838 551.
883 3787 1011 3840 Teubner.
1022 3803 1053 3852 p.
1064 3789 1120 3840 257
1133 3791 1158 3840 et
1174 3787 1260 3840 Hosio
1271 3803 1301 3854 p.
1313 3791 1409 3854 5555).

261 3857 351 3924 itaque
366 3875 436 3926 opus
448 3873 507 3910 555
519 3865 559 3912 est
571 3875 633 3911 cum
643 3857 747 3928 prse'o
756 3863 821 3926 post
835 3855 993 3926 ‘exemplis’
1010 3857 1043 3910 N
1042 3859 1125 3926 epotis
1139 3875 1238 3912 555155
1252 3857 1411 3912 inserere.—

349 4037 385 4122 2,
410 4047 461 4102 18.
487 4046 536 4100 19.
562 4063 663 4102 necem
687 4043 745 4102 sibi
767 4047 999 4118 conparauerunt
1021 4045 1080 4102 coel.
1105 4045 1182 4102 nore.

349 4127 385 4212 3,
409 4137 460 4192 21.
484 4137 645 4208 sempronii
668 4133 769 4193 tiberii
793 4133 1056 4208 (cod.)R(otteud.)
1134 4137 1185 4194 23.
1208 4135 1291 4208 patri
1314 4133 1342 4190 R

262 4223 495 4282 55555515
595 4226 645 4282 25.
669 4224 764 4298 patris
787 4223 870 4282 codd.
970 4223 1020 4280 25.
1048 4223 1095 4280 26.
1122 4223 1306 4298 prouocabat
1327 4227 1408 4298 pete-

260 4313 372 4388 batque
395 4307 561 4370 5511Ρ51.2
582 4313 788 4388 producebant
807 4313 1008 4388 petebantque
1027 4313 1107 4370 codd.
1133 4305 1204 4394 (quo
1231 4331 1284 4370 515.
1305 4305 1345 4394 R)

262 4397 529 4460 5555555511
