3234 4950
396 383 611 438 SOlthTORES
633 383 783 436 AETATIS
805 383 950 438 ommno
968 383 1151 436 INCERTAE
1242 387 1362 433 covini

213 553 314 614 aaran.
335 553 420 612 (resa
431 601 437 612 .
454 553 522 612 titt.
538 551 579 610 II
585 569 617 626 p.
636 553 699 610 172
713 555 778 630 ιη),
799 551 854 610 etsi
875 569 981 612 nomen
1003 551 1120 612 diuerse
1139 553 1198 610 iam
1214 551 1252 612 ab
1270 555 1363 614 inter-

211 647 345 730 pretibus
359 649 480 710 Eusebii
502 659 672 726 corruptum
695 657 746 728 est,
767 649 800 708 ab
822 650 959 709 Armenio
978 653 1010 708 in
1024 650 1179 728 brutium,
1195 669 1209 708 a
1225 651 1312 728 Syrio
1330 653 1363 710 iu

212 749 364 826 Eurtuum,
386 755 481 806 tuma
504 745 603 806 Malaia
625 749 654 806 iu
669 747 797 808 Bottium
819 747 865 808 uei
881 749 1021 806 Rutilum,
1056 749 1184 808 eundem
1203 757 1312 826 autem,
1329 749 1361 806 id

212 845 288 924 quod
305 845 414 906 dudum
430 851 620 924 perspectum
638 853 690 924 est,
706 845 850 906 Eusebius
869 849 899 904 io
913 844 1036 906 historia
1053 847 1255 907 ecclesiastiea
1268 849 1358 926 signi-

213 945 311 1004 lieauit
332 945 402 1016 (HI
416 941 482 1022 18),
504 941 553 1004 ubi
573 945 645 1004 haee
664 947 727 1004 eius
747 945 839 1004 uerba
860 953 943 1004 sunt:
965 945 1026 1016 Εἰς
1049 951 1210 1006 τοσοῦτον
1236 937 1271 1004 δὲ
1295 941 1360 1025 ἄρα

212 1139 350 1212 πίστεως
374 1135 531 1220 διέλαμπε
555 1139 764 1218 διδασκαλία,
788 1137 833 1212 ὡς
855 1135 910 1200 καὶ
936 1139 1015 1214 τοὺς
1037 1139 1166 1202 ἄποθεν
1196 1147 1256 1202 τοῦ
1278 1135 1358 1202 καθ’

212 1237 293 1318 ἡμᾶς
323 1237 424 1316 λόγου
455 1247 657 1318 συγγραφεῖς
682 1235 723 1318 μὴ
755 1235 939 1316 ἀποκυῆσαι
965 1247 1036 1310 ταῖς
1066 1237 1175 1298 αὐτῶν
1200 1237 1362 1316 ἱστορίαις

212 1335 271 1398 τόν
288 1355 324 1396 τε
347 1335 493 1414 διωγμὸν
518 1331 571 1398 ant
595 1335 635 1396 τδι
658 1331 696 1396 ἐν
718 1333 805 1418 αὐτῷ
830 1335 996 1417 μαρτύρια
1022 1337 1245 1419 παραδοῦναι,
1268 1337 1304 1398 oi'
1324 1358 1361 1416 γε

212 1433 264 1496 καὶ
290 1433 349 1496 τὸν
380 1433 498 1516 καιρὸν
527 1429 575 1494 ἐπ’
602 1429 733 1514 ἀκριβὲς
759 1431 1015 1514 ἐπεσημήναντο,
1043 1433 1080 1496 ε’ν
1106 1431 1171 1496 ἔτει
1196 1455 1363 1496 πεντεκαι-

212 1529 336 1616 δεταίτῳ
372 1537 582 1614 Δομετιανοῦ
620 1531 699 1612 μετὰ
734 1533 901 1594 πλείστων
938 1528 1059 1613 ἑτέρον
1093 1531 1148 1594 καὶ
1189 1535 1363 1596 Φλαουίαν

213 1631 419 1712 Δομετίλλαν
455 1631 700 1712 ἱστορήσαντες,
732 1625 765 1704 ἐξ
797 1627 944 1711 ἀδελφῆς
974 1641 1154 1710 γεγονυῖαν
1191 1634 1363 1694 Φλαουίου

213 1729 413 1810 Κλήμεντος,
443 1725 516 1802 ἑνὸς
541 1737 608 1790 τῶν
638 1729 790 1808 τηνικάδε
824 1725 877 1790 ἐπὶ
901 1723 1023 1809 Ῥώμης
1052 1729 1201 1808 ὑπατων,
1229 1739 1288 1810 τῆς
1317 1730 1363 1804 εἰς

212 1827 355 1906 Χριστὸν
381 1829 562 1910 μαρτυρίας
586 1823 699 1888 ἕνεκεν
722 1829 768 1902 είς
789 1835 897 1909 νῆσον
921 1829 1074 1890 Ποντίαν
1094 1828 1177 1889 κατὰ
1201 1831 1362 1912 τιμωρίαν

212 1925 371 1990 δεδόσθαι
393 1929 445 2004 (ef.
463 1929 504 2004 [ι’.
524 1927 568 2000 3).
605 1929 687 2007 atqui
711 1927 837 2004 Meletos,
862 1929 913 2006 qui
938 1927 1100 1988 seeundum
1122 1927 1359 1988 Gutsohmidium

212 2027 283 2088 lulio
307 2027 445 2086 Al'rieano
469 2045 540 2086 usus
567 2033 619 2104 est,
645 2033 672 2086 et
692 2025 765 2084 illud
782 2027 960 2102 martyrium
978 2027 1016 2088 ad
1034 2027 1161 2087 eundem
1184 2029 1360 2104 scriptorem

213 2121 285 2210 (τὸν
301 2123 496 2204 σοφώτατον
513 2123 685 2204 Βούττιον,
703 2121 870 2202 ἱστορικὸν
884 2123 1120 2205 χρονογραφον
1136 2125 1177 2200 fr.
1195 2119 1228 2207 I)
1245 2126 1360 2186 rettulit

213 2233 240 2284 et
255 2225 384 2282 Eottium
401 2215 609 2306 (σοφώτατον
627 2225 667 2300 sr.
680 2225 709 2298 2,
723 2223 782 2284 τὸν
801 2221 910 2300 σοφὸν
926 2219 1160 2305 χρονογρίφον
1178 2225 1219 2300 fr.
1235 2219 1358 2306 ἐλαία.)

212 2323 324 2382 Danaes
344 2329 478 2400 stuprum
501 2321 659 2380 Euhemeri
679 2323 792 2382 ratione
815 2321 1011 2398 explicantem
1028 2321 1099 2382 feeit
1114 2321 1166 2398 (fr.
1184 2323 1217 2396 l)
1238 2322 1361 2383 Alexan·

213 2423 356 2499 drumque
376 2429 408 2481 ut
427 2423 519 2481 totius
537 2419 617 2479 orbis
638 2427 783 2481 terrarum
803 2417 995 2481 liberatorem
1009 2419 1230 2499 praemonentem
1247 2423 1304 2499 (fr.
1316 2423 1360 2495 2).

212 2519 318 2599 quibus
343 2520 461 2597 quidem
485 2520 665 2595 fragmentis
692 2520 769 2597 quod
791 2518 940 2577 Eusebius
963 2538 978 2577 a
1004 2520 1062 2579 lide
1089 2520 1251 2579 ohristiaua
1273 2520 1360 2581 Brut·

212 2620 283 2679 tium
308 2616 497 2677 abhorruisse
529 2616 608 2693 dixit,
639 2618 807 2677 confirmari
835 2616 964 2677 uidetur.
998 2628 1026 2677 at
1054 2637 1128 2677 uero
1159 2616 1358 2697 discrepantia

212 2724 452 2793 argumentorum
479 2724 559 2775 lauta
588 2724 645 2793 est,
672 2724 706 2775 ut
733 2724 814 2775 reete
842 2712 959 2775 Gelzeri
986 2716 1200 2775 dubitationem
1232 2720 1360 2779 mouerit

213 2818 283 2889 (Iul.
304 2816 402 2893 Afric.
417 2816 438 2873 I
448 2834 479 2891 p.
497 2814 560 2873 282
576 2818 642 2893 ιη),
665 2816 716 2891 qui
740 2816 787 2893 pia
813 2814 915 2873 fraude
940 2814 1014 2873 illud
1035 2834 1110 2893 opus
1134 2814 1243 2875 Bruttii
1266 2820 1360 2877 nonti-

212 2916 257 2975 nis
285 2912 437 2973 nobilitate
467 2912 705 2973 commendatum
731 2932 748 2971 a
773 2912 934 2973 christiano
962 2912 1061 2991 aliquo
1089 2914 1192 2973 lictum
1220 2934 1285 2973 esse
1312 2934 1359 2975 su·

212 3016 341 3093 spiratus
360 3020 412 3089 est7
433 3012 594 3071 Eusebium
614 3018 712 3069 ‘tarmen
730 3018 821 3089 atque
839 3010 948 3069 lulium
965 3011 1138 3071 Africanum
1155 3012 1206 3071 uel
1224 3012 1359 3073 Malalarn

211 3130 264 3171 uos
292 3110 394 3171 fallere
422 3110 551 3169 noluisse
582 3108 633 3169 sed
661 3110 741 3187 ipsos
771 3128 838 3168 oum
866 3106 940 3167 alias
969 3117 1030 3169 tum
1056 3112 1103 3169 hie
1130 3109 1268 3189 deceptos
1292 3130 1358 3171 esse

212 3204 399 3291 eoncesstr.1)

300 3438 326 3501 1)
345 3434 421 3489 Haec
446 3436 605 3489 coniectura
630 3432 700 3487 mihi
722 3436 813 3501 magis
835 3433 929 3485 arrisit
949 3450 1031 3501 quam
1052 3434 1180 3487 Bourieri
1199 3436 1297 3502 (Ueber
1316 3438 1360 3489 die

214 3516 323 3585 Qerelieu
346 3514 394 3567 δον
416 3522 502 3569 ersten
526 3518 558 3567 nt
580 3516 688 3567 Btirber
713 3516 758 3569 des
779 3516 841 3569 Joh.
862 3516 996 3567 Malaios.
1028 3514 1124 3583 Progr.
1139 3515 1246 3585 Augsb.
1263 3516 1356 3585 slepa.

212 3600 279 3651 1900
298 3614 325 3663 p.
341 3600 374 3647 44
386 3600 456 3665 sqq.)
475 3594 504 3647 in
524 3594 556 3647 ir.
575 3600 587 3647 1
607 3612 657 3663 pro
678 3594 774 3649 Buttio
794 3594 928 3649 Ouidium
953 3594 1156 3663 interponentis
1178 3594 1252 3665 (ooli.
1271 3612 1356 3651 amor.

210 3678 246 3731 tlt
267 3682 290 3741 8,
306 3684 321 3729 2
338 3678 416 3743 squ),
433 3708 465 3715 --
484 3676 664 3729 Bruniehii
692 3676 827 3743 quoniam
844 3674 954 3729 Teuffel
971 3674 1003 3728 in
1020 3676 1086 3729 hist.
1100 3676 1155 3729 litt.
1172 3677 1268 3729 nom}
1280 3696 1309 3745 p.
1325 3682 1357 3729 64

211 3758 379 3811 mentionem
394 3756 470 3823 feeit,
484 3774 540 3809 non
555 3756 667 3809 omnino
684 3756 821 3809 omittam.
845 3756 947 3807 nititur
964 3756 1025 3809 sola
1043 3756 1166 3809 Melaina
1189 3756 1357 3811 anctoritate

211 3836 450 3907 (Vllp.187D.)‚
475 3836 524 3903 qni
545 3840 698 3903 postquam
719 3836 818 3905 inepta
839 3836 1002 3889 narratione
1025 3838 1202 3903 diuersisque
1223 3838 1308 3891 rebus
1330 3840 1358 3891 et

209 3918 367 3971 homiuibus
393 3918 486 3971 mixtis
509 3936 525 3969 a
545 3916 718 3971 ‘Manlionie'
740 3920 768 3971 et
787 3916 934 3971 Februarii
953 3920 1112 3969 senatorum
1133 3918 1283 3969 certamine
1304 3918 1357 3971 ori-

211 3996 301 4069 ginem
327 3998 411 4051 morie
436 3998 554 4051 alieuius
575 3996 688 4065 repetiit
707 4000 751 4067 (ex
766 4014 795 4051 eo
813 3997 911 4065 (δορις,
929 3996 1084 4051 Credrenns
1097 3998 1110 4049 I
1124 4015 1151 4066 p.
1164 4004 1216 4049 263
1231 3998 1303 4067 Ba),
1319 3998 1357 4052 sie

212 4078 363 4131 eoueiudit:
387 4078 453 4147 διτερ
473 4076 579 4147 γίνεται
599 4076 650 4143 ἕως
667 4088 716 4149 τῆς
734 4088 784 4131 νῦν
805 4080 844 4139 εἰς
861 4076 979 4145 ἑκάστην
994 4076 1237 4145 πόλινῬωμαίιον.
1259 4078 1357 4147 ’ἥντινα

212 4156 423 4227 inhaerentiam
441 4158 471 4213 ἐν
484 4158 671 4229 Θεσσαλονίκη
689 4158 777 4213 πόλει·
797 4158 845 4211 καὶ
859 4158 1003 4225 ἀναγνοὺς
1016 4155 1102 4227 ηὗρον
1117 4158 1357 4227 ἐπιγεγραμμένην

209 4238 259 4307 την
279 4236 386 4311 βίβλον
410 4236 550 4299 ‘Taberna
571 4238 735 4307 Βρουνιχίου
752 4236 889 4307 Ῥωμαίου
906 4238 1126 4309 χρονογραφου’,
1158 4238 1212 4292 hoc
1230 4240 1357 4293 tesi-imo·

210 4320 286 4373 nium
309 4320 437 4373 Niebuhr
458 4320 551 4389 niagni
573 4320 733 4371 aestimauit
753 4320 836 4389 (Hist.
850 4320 929 4371 Rom.
942 4318 979 4371 11²
994 4338 1020 4388 p.
1036 4326 1088 4373 688
1102 4321 1162 4389 eq),
1184 4320 1237 4371 etei
1256 4336 1354 4371 nomen

211 4400 341 4455 Getieum
362 4418 418 4453 non
443 4400 599 4453 Romanurn
629 4416 687 4453 esse
716 4400 795 4465 dixit,
822 4403 919 4455 contra
944 4398 1039 4452 Gelzer
1064 4400 1123 4470 (lul.
1144 4399 1201 4453 Afr.
1219 4398 1232 4449 Ι
1251 4420 1276 4469 p.
1293 4405 1354 4467 229)

264 4510 322 4547 Hiar,
338 4510 401 4549 Rom,
416 4512 455 4547 rel.
466 4510 495 4559 Π,
512 4508 544 4549 ed.
560 4510 650 4549 Peter.
1067 4488 1143 4541 XHH
