3234 4950
257 370 326 417 CXX
499 350 547 403 DE
569 348 799 403 SCRIPTORVM
818 350 913 403 Viris
931 350 979 403 ΕΤ
998 346 1155 403 senariis

527 660 621 733 IMP.
642 658 862 733 brennius
892 660 1123 733 convolve

347 840 419 901 Cum
449 842 496 901 uir
526 840 795 919 quinquagenarius
818 856 919 901 rerum
942 842 1102 919 potiretur,
1130 842 1223 899 otium
1252 858 1340 900 suum
1366 842 1398 901 in

255 940 440 1001 diuersarum
462 938 625 999 litterarum
651 940 746 999 studio
768 946 999 1017 consumpserat.
1037 958 1105 997 nani
1124 958 1191 997 cum
1213 938 1246 997 ab
1268 939 1399 1015 Augusto

254 1038 432 1117 Tiberioque
456 1036 492 1097 ud
515 1056 562 1097 res
587 1036 720 1117 publicas
739 1056 844 1117 [aarum
862 1036 986 1097 idoneus
1005 1036 1173 1114 haberetur,
1193 1044 1226 1096 ut
1244 1045 1307 1097 erat
1327 1032 1399 1097 iibe-

255 1138 358 1219 raliter
384 1136 518 1195 eruditus
547 1136 748 1213 bonarumque
779 1138 885 1195 artium
914 1138 1038 1213 cupiens
1065 1136 1153 1209 (Tac.
1173 1154 1243 1195 ann.
1272 1138 1317 1195 VI
1331 1138 1399 1213 46),

253 1242 332 1297 totus
358 1236 387 1295 in
413 1234 471 1295 iilis
494 1236 599 1295 uiuere
623 1236 720 1313 coepit
743 1234 1015 1313 consuetudineque
1044 1236 1177 1293 uirorum
1202 1233 1399 1295 litteratorum

255 1332 332 1393 diem
353 1336 479 1413 explere.
512 1354 527 1393 a
549 1354 605 1411 ilua
619 1334 776 1411 Augustus7
799 1352 838 1393 ne
862 1336 991 1393 animum
1010 1352 1111 1393 rerum
1129 1336 1274 1393 uarietate
1293 1332 1399 1393 distra-

254 1432 347 1511 heret
367 1452 425 1493 uon
440 1432 645 1511 conformaret,
667 1432 787 1491 absente
807 1432 891 1493 Liuia
911 1432 1030 1493 cottidie
1049 1432 1086 1491 ad
1105 1450 1187 1491 suam
1208 1450 1310 1491 cenam
1331 1452 1399 1493 eum

253 1532 399 1591 inuitabat
428 1534 524 1605 (Suet.
546 1552 569 1591 c.
590 1534 633 1607 ri),
664 1530 764 1591 Liuius
794 1538 892 1591 autem
919 1539 952 1589 ut
979 1530 1132 1591 historiam
1162 1530 1306 1591 scriberet
1330 1531 1398 1591 bor-

253 1628 330 1691 tatus
362 1638 406 1691 est
440 1632 534 1703 osaea
556 1648 579 1689 c.
602 1632 672 1705 rii),
710 1648 726 1689 a
752 1630 841 1707 nugis
868 1628 951 1689 ilium
986 1622 1067 1711 (nam
1097 1630 1184 1689 etiam
1214 1637 1306 1689 artem
1337 1630 1399 1691 alea

253 1730 375 1789 ludendi
404 1730 537 1809 scripsit,
562 1732 641 1789 Sari.
668 1722 725 1811 33)
758 1730 823 1789 eius
857 1729 1015 1789 seueritate
1043 1736 1216 1789 reuocatum
1247 1730 1398 1807 animique

254 1830 316 1889 eius
341 1828 501 1905 ingenitam
525 1828 707 1887 nobilitatem
734 1828 792 1901 (nic
810 1828 967 1903 (inpastus
986 1828 1066 1886 Sari.
1087 1828 1120 1901 4)
1142 1828 1310 1887 restitutum
1331 1846 1398 1887 em·

254 1926 405 2005 ditumque
431 1928 467 1985 iri
492 1926 658 1987 arbitratus.
696 1924 747 1985 sed
771 1926 845 1985 haec
868 1944 934 2003 spes
959 1944 1009 1987 eos
1035 1924 1145 1987 fefellit.
1173 1944 1241 1985 nam
1266 1926 1399 1987 doctrina

254 2026 317 2085 eius
341 2032 472 2085 mentem
497 2026 578 2103 [tunsi
605 2024 702 2083 obruit
727 2032 813 2101 atque
837 2026 994 2101 imminuit,
1022 2032 1063 2101 ut,
1093 2044 1160 2083 cum
1183 2032 1264 2084 certo
1288 2024 1398 2085 iudicio

254 2133 381 2203 careret,
411 2130 439 2185 et
468 2142 513 2185 res
545 2142 674 2185 summas
701 2124 840 2183 minimas
866 2123 931 2201 pari
961 2122 1111 2201 diligentia
1139 2129 1281 2183 tractaret
1307 2131 1398 2185 etue

252 2224 414 2303 imperator
446 2222 565 2303 quidem
597 2222 703 2301 iactus,
736 2242 793 2301 qua
815 2229 879 2281 erat
902 2224 1064 2299 pertinacia
1092 2222 1262 2281 liberalibus
1292 2224 1398 2283 studiis

254 2320 370 2383 deditus
390 2324 486 2397 (Suet.
506 2340 531 2383 c.
552 2324 618 2399 40),
642 2340 657 2381 a
682 2320 839 2381 scribendo
863 2320 1029 2381 desisteret.
1067 2320 1138 2381 hinc
1163 2340 1231 2381 eum
1251 2329 1288 2381 ut
1303 2322 1397 2382 bomi-

252 2440 319 2480 nem
343 2422 479 2500 inoptum
503 2420 684 2500 stultumque
709 2422 797 2480 etiam
820 2422 981 2498 propinqui
1001 2422 1140 2480 insectati
1163 2428 1240 2480 sunt.

340 2529 537 2590 Historiarum
561 2537 659 2588 autem
683 2527 826 2588 librorum
850 2531 928 2588 hunc
950 2527 1080 2588 indicem
1105 2531 1270 2606 composuit
1294 2529 1396 2588 Sueto·

251 2627 318 2690 nins
353 2649 375 2688 c.
404 2623 459 2706 41,
494 2629 522 2686 in
558 2629 600 2688 eis
631 2627 842 2706 componendis
872 2627 994 2706 Sulpicii
1021 2627 1105 2688 Flaui
1137 2627 1292 2688 cuiusdam
1328 2647 1396 2688 eum

252 2745 338 2786 usum
364 2747 428 2788 esse
452 2727 581 2786 adiciens
608 2727 659 2804 (cf.
681 2747 703 2786 c.
726 2729 774 2800 49:

341 2837 378 2894 In
396 2839 579 2912 principatu
605 2851 722 2910 pinoque
746 2841 774 2894 et
797 2839 922 2912 serpsit
935 2839 1107 2910 plurimam
1128 2843 1159 2894 et
1177 2839 1300 2896 cresinae
1317 2839 1396 2896 reci·

253 2939 330 2996 triarii
345 2953 407 3010 per
431 2939 578 2996 lectoren.
803 2935 804 2938 ’

341 3043 385 3116 (J)
411 3043 537 3104 Initium
562 3049 660 3102 arrian
689 3047 815 3118 surrupuit
841 3045 991 3102 historiae
1005 3050 1078 3116 port
1103 3037 1228 3104 ceredano
1254 3043 1398 3104 Crreraris

254 3143 423 3218 rh'ctatoria,

341 3249 403 3322 (H)
429 3251 484 3308 sart
505 3257 533 3308 et
554 3253 677 3308 triennit
700 3251 743 3308 riri
763 3249 917 3324 inferiora
940 3254 1076 3323 tempora
1101 3253 1258 3326 coepitque
1282 3269 1302 3308 a
1312 3268 1397 3326 pace
1493 3237 1496 3240 ’

253 3351 346 3422 eiiiiii,
372 3365 439 3408 cunr
461 3353 587 3408 serriiret
612 3365 706 3422 neque
731 3349 826 3408 iibere
843 3365 941 3422 naara
961 3365 1035 3406 nere
1052 3351 1112 3408 sihi
1130 3351 1169 3406 rte
1185 3353 1397 3424 cameriarihas
1494 3357 1497 3409 ἰ

165 3453 166 3456 ’
253 3449 396 3506 tradendi
419 3453 601 3524 potestatem
634 3449 780 3520 relictam,
815 3452 975 3522 correptas
1004 3465 1096 3522 saepe
1129 3454 1158 3506 et
1185 3465 1204 3506 a
1237 3455 1335 3506 matre
1367 3454 1397 3506 rt

253 3547 289 3606 ab
316 3551 396 3606 iniria.
1347 3595 1350 3598 ,

341 3655 460 3734 Priario
479 3657 627 3712 mucleniae
647 3655 705 3712 chio
726 3655 889 3726 noirnnina,
902 3657 1086 3728 posterioris
1105 3671 1197 3712 antrat
1217 3662 1246 3714 et
1259 3657 1394 3728 prindra-

251 3755 338 3826 pintn
363 3755 495 3826 retinnit,

341 3857 421 3932 (III)
451 3859 621 3934 Cornposnit
644 3867 674 3918 et
692 3863 729 3920 rie
749 3863 814 3920 nita
831 3875 889 3918 sira
908 3865 976 3919 orto
995 3863 1159 3934 aoiirnrina,
1177 3863 1275 3934 annaio
1294 3865 1393 3936 inepte

253 3975 340 4034 aaran
366 3961 564 4032 ineiepanier.
587 3991 630 3998 -
654 3991 696 3998 -

341 4067 433 4136 (IIII.
465 4067 501 4140 h)
530 4067 571 4138 (c,
595 4067 651 4138 42)
686 4067 824 4140 lienique
857 4073 885 4124 et
921 4067 1057 4127 Graecas
1086 4069 1210 4142 scrinarii
1241 4067 1393 4141 historiae,

256 4163 462 4238 Tyrrhenicon
484 4169 602 4240 niniati,
628 4165 896 4226 Carchedoniacon
922 4174 997 4226 octo.
1033 4183 1163 4240 quaram
1182 4183 1278 4224 caasa
1297 4169 1396 4226 reteri

252 4265 464 4322 Alexandriae
494 4263 592 4322 ithacio
621 4259 792 4342 <alternam
821 4265 958 4323 redditam
989 4283 1028 4322 en
1061 4267 1155 4340 ipsiin
1182 4269 1315 4337 nornine,
1349 4270 1393 4324 in-

251 4365 459 4438 ornatumque,
485 4369 517 4422 nt
540 4367 702 4436 qriotnnnia
726 4367 758 4422 in
782 4367 880 4422 (ittera
903 4356 1113 4438 ‚Tyrrhenicon
1131 4363 1216 4436 h‘hri,
1241 4367 1273 4422 in
1298 4365 1393 4423 altero
