<?xml version="1.0" encoding="UTF-8"?>
<!DOCTYPE html PUBLIC "-//W3C//DTD XHTML 1.0 Transitional//EN"
    "http://www.w3.org/TR/xhtml1/DTD/xhtml1-transitional.dtd">
<html xmlns="http://www.w3.org/1999/xhtml" xml:lang="en" lang="en">
 <head>
  <title>
</title>
<meta http-equiv="Content-Type" content="text/html;charset=utf-8" />
  <meta name='ocr-system' content='tesseract 3.04.00' />
  <meta name='ocr-capabilities' content='ocr_page ocr_carea ocr_par ocr_line ocrx_word'/>
</head>
<body>
  <div class='ocr_page' id='page_1' title='image "./historicorumrom03petegoog_0035.png"; bbox 0 0 3234 4950; ppageno 0'>
   <div class='ocr_carea' id='block_1_1' title="bbox 581 349 1371 420">
    <p class='ocr_par' dir='ltr' id='par_1_1' title="bbox 581 349 1371 420">
     <span class='ocr_line' id='line_1_1' title="bbox 581 349 1371 420; baseline 0.014 -18"><span class='ocrx_word' id='word_1_1' title='bbox 581 351 610 402; x_wconf 84' lang='grc' dir='ltr'><em>Τ.</em></span> <span class='ocrx_word' id='word_1_2' title='bbox 629 349 839 404; x_wconf 72' lang='lat' dir='ltr'>POMPONIVS</span> <span class='ocrx_word' id='word_1_3' title='bbox 859 351 1013 404; x_wconf 78' lang='lat' dir='ltr'><strong>ATTICVS</strong></span> <span class='ocrx_word' id='word_1_4' title='bbox 1270 375 1371 420; x_wconf 68' lang='lat' dir='ltr'>XXVII</span> 
     </span>
    </p>
   </div>
   <div class='ocr_carea' id='block_1_2' title="bbox 217 517 1370 600">
    <p class='ocr_par' dir='ltr' id='par_1_2' title="bbox 217 517 1370 600">
     <span class='ocr_line' id='line_1_2' title="bbox 217 517 1370 600; baseline -0.002 -18"><span class='ocrx_word' id='word_1_5' title='bbox 217 517 307 582; x_wconf 84' lang='lat' dir='ltr'>simili</span> <span class='ocrx_word' id='word_1_6' title='bbox 331 519 446 578; x_wconf 78' lang='lat' dir='ltr'><em>tutione</em></span> <span class='ocrx_word' id='word_1_7' title='bbox 466 526 611 578; x_wconf 61' lang='lat' dir='ltr'><em>uteretur,</em></span> <span class='ocrx_word' id='word_1_8' title='bbox 652 519 745 580; x_wconf 78' lang='lat' dir='ltr'><em>altero</em></span> <span class='ocrx_word' id='word_1_9' title='bbox 769 527 868 578; x_wconf 86' lang='lat' dir='ltr'><em>autem</em></span> <span class='ocrx_word' id='word_1_10' title='bbox 892 519 955 576; x_wconf 87' lang='lat' dir='ltr'><em>loco</em></span> <span class='ocrx_word' id='word_1_11' title='bbox 980 537 1048 578; x_wconf 90' lang='lat' dir='ltr'><em>cum</em></span> <span class='ocrx_word' id='word_1_12' title='bbox 1072 523 1166 598; x_wconf 88' lang='lat' dir='ltr'><em>ipsius</em></span> <span class='ocrx_word' id='word_1_13' title='bbox 1191 521 1279 580; x_wconf 75' lang='lat' dir='ltr'><em>Attici</em></span> <span class='ocrx_word' id='word_1_14' title='bbox 1303 541 1370 600; x_wconf 85' lang='lat' dir='ltr'><em>pcr-</em></span> 
     </span>
    </p>
   </div>
   <div class='ocr_carea' id='block_1_3' title="bbox 216 615 1372 2277">
    <p class='ocr_par' dir='ltr' id='par_1_3' title="bbox 216 615 1372 1194">
     <span class='ocr_line' id='line_1_3' title="bbox 217 615 1371 696; baseline 0 -16"><span class='ocrx_word' id='word_1_15' title='bbox 217 637 287 680; x_wconf 82' lang='lat' dir='ltr'><em>sono</em></span> <span class='ocrx_word' id='word_1_16' title='bbox 311 617 354 676; x_wconf 90' lang='lat' dir='ltr'><em>illi</em></span> <span class='ocrx_word' id='word_1_17' title='bbox 380 619 599 696; x_wconf 81' lang='lat' dir='ltr'><em>coniunguntur</em></span> <span class='ocrx_word' id='word_1_18' title='bbox 620 615 681 690; x_wconf 75' lang='lat' dir='ltr'><em>t‘et</em></span> <span class='ocrx_word' id='word_1_19' title='bbox 699 619 820 678; x_wconf 76' lang='lat' dir='ltr'><em>Atticus</em></span> <span class='ocrx_word' id='word_1_20' title='bbox 837 621 946 678; x_wconf 79' lang='lat' dir='ltr'><em>sarton</em></span> <span class='ocrx_word' id='word_1_21' title='bbox 964 625 994 678; x_wconf 89' lang='lat' dir='ltr'><em>et</em></span> <span class='ocrx_word' id='word_1_22' title='bbox 1012 635 1067 678; x_wconf 87' lang='lat' dir='ltr'><em>nos</em></span> <span class='ocrx_word' id='word_1_23' title='bbox 1085 623 1118 680; x_wconf 88' lang='lat' dir='ltr'><em>t&#39;n</em></span> <span class='ocrx_word' id='word_1_24' title='bbox 1138 625 1271 696; x_wconf 81' lang='lat' dir='ltr'><em>antiquis</em></span> <span class='ocrx_word' id='word_1_25' title='bbox 1291 639 1371 682; x_wconf 88' lang='lat' dir='ltr'><em>cont·</em></span> 
     </span>
     <span class='ocr_line' id='line_1_4' title="bbox 216 715 1371 798; baseline -0.002 -18"><span class='ocrx_word' id='word_1_26' title='bbox 216 721 377 780; x_wconf 78' lang='lat' dir='ltr'><em>ntentan&#39;ts</em></span> <span class='ocrx_word' id='word_1_27' title='bbox 394 715 600 794; x_wconf 83' lang='lat' dir='ltr'><em>trtuent&#39;rnus&#39;),</em></span> <span class='ocrx_word' id='word_1_28' title='bbox 621 717 721 794; x_wconf 77' lang='lat' dir='ltr'><em>quales</em></span> <span class='ocrx_word' id='word_1_29' title='bbox 747 737 763 776; x_wconf 84' lang='lat' dir='ltr'><em>n</em></span> <span class='ocrx_word' id='word_1_30' title='bbox 785 735 819 774; x_wconf 93' lang='lat' dir='ltr'><em>se</em></span> <span class='ocrx_word' id='word_1_31' title='bbox 841 717 992 794; x_wconf 85' lang='lat' dir='ltr'><em>inspectos</em></span> <span class='ocrx_word' id='word_1_32' title='bbox 1016 735 1083 776; x_wconf 90' lang='lat' dir='ltr'><em>esse</em></span> <span class='ocrx_word' id='word_1_33' title='bbox 1107 735 1265 798; x_wconf 79' lang='lat' dir='ltr'>nusquam,</span> <span class='ocrx_word' id='word_1_34' title='bbox 1291 717 1371 798; x_wconf 87' lang='lat' dir='ltr'><em>quod</em></span> 
     </span>
     <span class='ocr_line' id='line_1_5' title="bbox 217 813 1372 896; baseline -0.001 -19"><span class='ocrx_word' id='word_1_35' title='bbox 217 819 323 892; x_wconf 81' lang='lat' dir='ltr'><em>sciam,</em></span> <span class='ocrx_word' id='word_1_36' title='bbox 350 813 455 876; x_wconf 83' lang='lat' dir='ltr'><em>Cicero</em></span> <span class='ocrx_word' id='word_1_37' title='bbox 483 813 564 874; x_wconf 86' lang='lat' dir='ltr'><em>dicit.</em></span> <span class='ocrx_word' id='word_1_38' title='bbox 599 815 701 894; x_wconf 77' lang='lat' dir='ltr'><em>itaque</em></span> <span class='ocrx_word' id='word_1_39' title='bbox 727 817 783 876; x_wconf 88' lang='lat' dir='ltr'><em>etsi</em></span> <span class='ocrx_word' id='word_1_40' title='bbox 815 831 844 874; x_wconf 90' lang='lat' dir='ltr'><em>se</em></span> <span class='ocrx_word' id='word_1_41' title='bbox 874 815 1025 874; x_wconf 87' lang='lat' dir='ltr'><em>inuenisse</em></span> <span class='ocrx_word' id='word_1_42' title='bbox 1056 821 1316 896; x_wconf 83' lang='lat' dir='ltr'><em>testetu1·,tomen</em></span> <span class='ocrx_word' id='word_1_43' title='bbox 1341 825 1372 876; x_wconf 90' lang='lat' dir='ltr'><em>el</em></span> 
     </span>
     <span class='ocr_line' id='line_1_6' title="bbox 216 911 1370 976; baseline -0.002 0"><span class='ocrx_word' id='word_1_44' title='bbox 216 917 272 976; x_wconf 89' lang='lat' dir='ltr'><em>hcc</em></span> <span class='ocrx_word' id='word_1_45' title='bbox 294 915 499 974; x_wconf 86' lang='lat' dir='ltr'><em>testimonium</em></span> <span class='ocrx_word' id='word_1_46' title='bbox 522 913 560 974; x_wconf 81' lang='lat' dir='ltr'><em>cd</em></span> <span class='ocrx_word' id='word_1_47' title='bbox 582 912 671 972; x_wconf 74' lang='lat' dir='ltr'><em>Attici</em></span> <span class='ocrx_word' id='word_1_48' title='bbox 692 915 895 974; x_wconf 78' lang='lat' dir='ltr'><em>auctoritatem</em></span> <span class='ocrx_word' id='word_1_49' title='bbox 915 911 1013 972; x_wconf 85' lang='lat' dir='ltr'><em>redire</em></span> <span class='ocrx_word' id='word_1_50' title='bbox 1032 915 1098 972; x_wconf 87' lang='lat' dir='ltr'><em>ueri</em></span> <span class='ocrx_word' id='word_1_51' title='bbox 1120 921 1163 974; x_wconf 88' lang='lat' dir='ltr'><em>est</em></span> <span class='ocrx_word' id='word_1_52' title='bbox 1186 914 1370 976; x_wconf 85' lang='lat' dir='ltr'><em>simillimum</em></span> 
     </span>
     <span class='ocr_line' id='line_1_7' title="bbox 217 1011 1370 1092; baseline 0.001 -18"><span class='ocrx_word' id='word_1_53' title='bbox 217 1022 247 1074; x_wconf 88' lang='lat' dir='ltr'><em>et</em></span> <span class='ocrx_word' id='word_1_54' title='bbox 273 1013 374 1092; x_wconf 85' lang='lat' dir='ltr'><em>priore</em></span> <span class='ocrx_word' id='word_1_55' title='bbox 399 1011 464 1072; x_wconf 88' lang='lat' dir='ltr'><em>loco</em></span> <span class='ocrx_word' id='word_1_56' title='bbox 493 1020 632 1072; x_wconf 84' lang='lat' dir='ltr'><em>ueterum</em></span> <span class='ocrx_word' id='word_1_57' title='bbox 658 1011 941 1072; x_wconf 76' lang='lat' dir='ltr'>commentariorum</span> <span class='ocrx_word' id='word_1_58' title='bbox 967 1013 1119 1074; x_wconf 74' lang='lat' dir='ltr'>mentione</span> <span class='ocrx_word' id='word_1_59' title='bbox 1146 1013 1252 1074; x_wconf 81' lang='lat' dir='ltr'><em>codem</em></span> <span class='ocrx_word' id='word_1_60' title='bbox 1278 1015 1370 1092; x_wconf 86' lang='lat' dir='ltr'><em>sigui·</em></span> 
     </span>
     <span class='ocr_line' id='line_1_8' title="bbox 216 1104 364 1194; baseline -0.014 -22"><span class='ocrx_word' id='word_1_61' title='bbox 216 1104 364 1194; x_wconf 80' lang='lat' dir='ltr'><em>linatur.¹)</em></span> 
     </span>
    </p>

    <p class='ocr_par' dir='ltr' id='par_1_4' title="bbox 216 1207 1371 2277">
     <span class='ocr_line' id='line_1_9' title="bbox 307 1207 1370 1290; baseline 0.003 -20"><span class='ocrx_word' id='word_1_62' title='bbox 307 1209 364 1270; x_wconf 87' lang='lat' dir='ltr'><em>Sed</em></span> <span class='ocrx_word' id='word_1_63' title='bbox 389 1209 477 1268; x_wconf 82' lang='lat' dir='ltr'><em>etiem</em></span> <span class='ocrx_word' id='word_1_64' title='bbox 502 1209 569 1268; x_wconf 81' lang='lat' dir='ltr'><em>aliis</em></span> <span class='ocrx_word' id='word_1_65' title='bbox 590 1209 675 1270; x_wconf 80' lang='lat' dir='ltr'>Bruti</span> <span class='ocrx_word' id='word_1_66' title='bbox 699 1207 779 1287; x_wconf 90' lang='lat' dir='ltr'><em>locis,</em></span> <span class='ocrx_word' id='word_1_67' title='bbox 804 1209 983 1288; x_wconf 68' lang='lat' dir='ltr'><em>{rruesertim</em></span> <span class='ocrx_word' id='word_1_68' title='bbox 1008 1209 1116 1288; x_wconf 83' lang='lat' dir='ltr'><em>quihus</em></span> <span class='ocrx_word' id='word_1_69' title='bbox 1144 1209 1270 1290; x_wconf 87' lang='lat' dir='ltr'><em>diligens</em></span> <span class='ocrx_word' id='word_1_70' title='bbox 1295 1221 1370 1272; x_wconf 87' lang='lat' dir='ltr'><em>tem-</em></span> 
     </span>
     <span class='ocr_line' id='line_1_10' title="bbox 216 1301 1370 1391; baseline 0 -23"><span class='ocrx_word' id='word_1_71' title='bbox 216 1327 324 1388; x_wconf 80' lang='lat' dir='ltr'><em>porum</em></span> <span class='ocrx_word' id='word_1_72' title='bbox 345 1311 457 1368; x_wconf 77' lang='lat' dir='ltr'><em>not-atio</em></span> <span class='ocrx_word' id='word_1_73' title='bbox 479 1301 668 1391; x_wconf 58' lang='lat' dir='ltr'><em>redundant</em></span> <span class='ocrx_word' id='word_1_74' title='bbox 693 1306 780 1368; x_wconf 76' lang='lat' dir='ltr'><em>Attici</em></span> <span class='ocrx_word' id='word_1_75' title='bbox 810 1309 963 1368; x_wconf 79' lang='lat' dir='ltr'><em>materiem</em></span> <span class='ocrx_word' id='word_1_76' title='bbox 989 1305 1111 1368; x_wconf 81' lang='lat' dir='ltr'>subesse</span> <span class='ocrx_word' id='word_1_77' title='bbox 1137 1317 1370 1370; x_wconf 82' lang='lat' dir='ltr'><em>consentaneum</em></span> 
     </span>
     <span class='ocr_line' id='line_1_11' title="bbox 216 1401 1371 1488; baseline -0.001 -19"><span class='ocrx_word' id='word_1_78' title='bbox 216 1401 303 1488; x_wconf 63' lang='lat' dir='ltr'><em>esti),</em></span> <span class='ocrx_word' id='word_1_79' title='bbox 327 1407 409 1466; x_wconf 89' lang='lat' dir='ltr'><em>uelut</em></span> <span class='ocrx_word' id='word_1_80' title='bbox 433 1403 484 1484; x_wconf 76' lang='lat'><em>20,</em></span> <span class='ocrx_word' id='word_1_81' title='bbox 502 1401 557 1465; x_wconf 80' lang='lat' dir='ltr'><em>ts:</em></span> <span class='ocrx_word' id='word_1_82' title='bbox 584 1407 662 1466; x_wconf 82' lang='lat' dir='ltr'><em>Nan</em></span> <span class='ocrx_word' id='word_1_83' title='bbox 686 1409 745 1466; x_wconf 81' lang='lat' dir='ltr'><em>hoc</em></span> <span class='ocrx_word' id='word_1_84' title='bbox 768 1405 813 1482; x_wconf 87' lang='lat' dir='ltr'><em>[C.</em></span> <span class='ocrx_word' id='word_1_85' title='bbox 833 1405 963 1484; x_wconf 81' lang='lat' dir='ltr'><em>Sulpicio</em></span> <span class='ocrx_word' id='word_1_86' title='bbox 991 1405 1082 1484; x_wconf 81' lang='lat' dir='ltr'><em>Gallo]</em></span> <span class='ocrx_word' id='word_1_87' title='bbox 1105 1415 1255 1484; x_wconf 75' lang='lat' dir='ltr'><em>praetore</em></span> <span class='ocrx_word' id='word_1_88' title='bbox 1282 1411 1371 1470; x_wconf 78' lang='lat' dir='ltr'><em>ludos</em></span> 
     </span>
     <span class='ocr_line' id='line_1_12' title="bbox 217 1503 1370 1582; baseline 0.001 -16"><span class='ocrx_word' id='word_1_89' title='bbox 217 1509 352 1582; x_wconf 66' lang='lat' dir='ltr'><em>apoliti</em></span> <span class='ocrx_word' id='word_1_90' title='bbox 381 1505 528 1582; x_wconf 75' lang='lat' dir='ltr'><em>faciente,</em></span> <span class='ocrx_word' id='word_1_91' title='bbox 559 1523 626 1566; x_wconf 89' lang='lat' dir='ltr'><em>curn</em></span> <span class='ocrx_word' id='word_1_92' title='bbox 657 1505 805 1580; x_wconf 70' lang='lat' dir='ltr'><em>Thyesten</em></span> <span class='ocrx_word' id='word_1_93' title='bbox 833 1503 971 1580; x_wconf 65' lang='lat' dir='ltr'><em>satutant</em></span> <span class='ocrx_word' id='word_1_94' title='bbox 1007 1507 1157 1566; x_wconf 78' lang='lat' dir='ltr'><em>nocuisset</em></span> <span class='ocrx_word' id='word_1_95' title='bbox 1194 1507 1225 1578; x_wconf 77' lang='lat' dir='ltr'><em>Q.</em></span> <span class='ocrx_word' id='word_1_96' title='bbox 1249 1507 1370 1568; x_wconf 84' lang='lat' dir='ltr'><em>lllnrcr&#39;o</em></span> 
     </span>
     <span class='ocr_line' id='line_1_13' title="bbox 221 1599 1369 1682; baseline 0.002 -18"><span class='ocrx_word' id='word_1_97' title='bbox 221 1605 272 1664; x_wconf 80' lang='lat' dir='ltr'><em>Cn.</em></span> <span class='ocrx_word' id='word_1_98' title='bbox 288 1605 421 1666; x_wconf 75' lang='lat' dir='ltr'><em>Seruilio</em></span> <span class='ocrx_word' id='word_1_99' title='bbox 442 1623 515 1664; x_wconf 85' lang='lat' dir='ltr'><em>cass.</em></span> <span class='ocrx_word' id='word_1_100' title='bbox 528 1611 653 1664; x_wconf 86' lang='lat' dir='ltr'><em>nrortern</em></span> <span class='ocrx_word' id='word_1_101' title='bbox 678 1605 754 1664; x_wconf 79' lang='lat' dir='ltr'><em>atta</em></span> <span class='ocrx_word' id='word_1_102' title='bbox 771 1605 898 1664; x_wconf 83' lang='lat' dir='ltr'><em>Ennius.</em></span> <span class='ocrx_word' id='word_1_103' title='bbox 934 1599 984 1682; x_wconf 76' lang='lat'><em>27,</em></span> <span class='ocrx_word' id='word_1_104' title='bbox 1003 1599 1079 1662; x_wconf 79' lang='lat'>106:</span> <span class='ocrx_word' id='word_1_105' title='bbox 1105 1605 1138 1664; x_wconf 83' lang='lat' dir='ltr'><em>L.</em></span> <span class='ocrx_word' id='word_1_106' title='bbox 1154 1607 1224 1668; x_wconf 82' lang='lat' dir='ltr'><em>Piso</em></span> <span class='ocrx_word' id='word_1_107' title='bbox 1246 1609 1315 1666; x_wconf 77' lang='lat' dir='ltr'><em>trra.</em></span> <span class='ocrx_word' id='word_1_108' title='bbox 1323 1609 1369 1682; x_wconf 76' lang='lat' dir='ltr'><em>nl.</em></span> 
     </span>
     <span class='ocr_line' id='line_1_14' title="bbox 216 1703 1370 1778; baseline 0.001 -15"><span class='ocrx_word' id='word_1_109' title='bbox 216 1707 313 1778; x_wconf 69' lang='lat' dir='ltr'><em>teuent</em></span> <span class='ocrx_word' id='word_1_110' title='bbox 328 1707 451 1778; x_wconf 77' lang='lat' dir='ltr'><em>prinus</em></span> <span class='ocrx_word' id='word_1_111' title='bbox 473 1705 512 1762; x_wconf 82' lang='lat' dir='ltr'><em>ae</em></span> <span class='ocrx_word' id='word_1_112' title='bbox 527 1707 671 1778; x_wconf 78' lang='lat' dir='ltr'><em>pecuniis</em></span> <span class='ocrx_word' id='word_1_113' title='bbox 700 1703 877 1778; x_wconf 74' lang='lat' dir='ltr'><em>repetundis</em></span> <span class='ocrx_word' id='word_1_114' title='bbox 900 1703 1064 1762; x_wconf 73' lang='lat' dir='ltr'><em>Censorino</em></span> <span class='ocrx_word' id='word_1_115' title='bbox 1090 1711 1121 1764; x_wconf 92' lang='lat' dir='ltr'><em>et</em></span> <span class='ocrx_word' id='word_1_116' title='bbox 1141 1705 1270 1764; x_wconf 78' lang='lat' dir='ltr'><em>Manilio</em></span> <span class='ocrx_word' id='word_1_117' title='bbox 1297 1721 1370 1764; x_wconf 86' lang='lat' dir='ltr'><em>coss.</em></span> 
     </span>
     <span class='ocr_line' id='line_1_15' title="bbox 217 1803 1369 1878; baseline 0 -16"><span class='ocrx_word' id='word_1_118' title='bbox 217 1805 287 1862; x_wconf 82' lang='lat' dir='ltr'><em>tutat</em></span> <span class='ocrx_word' id='word_1_119' title='bbox 305 1835 347 1842; x_wconf 87' lang='lat'><em>-—</em></span> <span class='ocrx_word' id='word_1_120' title='bbox 367 1809 398 1860; x_wconf 90' lang='lat' dir='ltr'><em>et</em></span> <span class='ocrx_word' id='word_1_121' title='bbox 417 1803 537 1860; x_wconf 72' lang='lat' dir='ltr'><em>iudicia</em></span> <span class='ocrx_word' id='word_1_122' title='bbox 554 1803 671 1876; x_wconf 73' lang='lat' dir='ltr'><em>papuli,</em></span> <span class='ocrx_word' id='word_1_123' title='bbox 696 1803 806 1874; x_wconf 75' lang='lat' dir='ltr'><em>quihus</em></span> <span class='ocrx_word' id='word_1_124' title='bbox 828 1803 940 1860; x_wconf 78' lang='lat' dir='ltr'><em>aderat</em></span> <span class='ocrx_word' id='word_1_125' title='bbox 965 1803 1078 1878; x_wconf 79' lang='lat' dir='ltr'><em>Carbo,</em></span> <span class='ocrx_word' id='word_1_126' title='bbox 1103 1807 1164 1862; x_wconf 81' lang='lat' dir='ltr'><em>tant</em></span> <span class='ocrx_word' id='word_1_127' title='bbox 1188 1805 1286 1878; x_wconf 72' lang='lat' dir='ltr'><em>tnaat&#39;s</em></span> <span class='ocrx_word' id='word_1_128' title='bbox 1309 1821 1369 1878; x_wconf 74' lang='lat' dir='ltr'><em>aa·</em></span> 
     </span>
     <span class='ocr_line' id='line_1_16' title="bbox 217 1899 1370 1978; baseline 0.002 -18"><span class='ocrx_word' id='word_1_129' title='bbox 217 1909 338 1961; x_wconf 86' lang='lat' dir='ltr'><em>tronurn</em></span> <span class='ocrx_word' id='word_1_130' title='bbox 363 1901 581 1960; x_wconf 70' lang='lat' dir='ltr'><em>desiderabant</em></span> <span class='ocrx_word' id='word_1_131' title='bbox 597 1899 710 1959; x_wconf 82' lang='lat' dir='ltr'><em>tahetta</em></span> <span class='ocrx_word' id='word_1_132' title='bbox 729 1901 814 1974; x_wconf 80' lang='lat' dir='ltr'><em>data,</em></span> <span class='ocrx_word' id='word_1_133' title='bbox 838 1917 929 1974; x_wconf 77' lang='lat' dir='ltr'><em>quant</em></span> <span class='ocrx_word' id='word_1_134' title='bbox 949 1901 1043 1974; x_wconf 73' lang='lat' dir='ltr'><em>leaern</em></span> <span class='ocrx_word' id='word_1_135' title='bbox 1063 1901 1095 1960; x_wconf 81' lang='lat' dir='ltr'><em>t.</em></span> <span class='ocrx_word' id='word_1_136' title='bbox 1114 1901 1235 1962; x_wconf 82' lang='lat' dir='ltr'><em>Cassius</em></span> <span class='ocrx_word' id='word_1_137' title='bbox 1254 1899 1370 1978; x_wconf 76' lang='lat' dir='ltr'><em>Lepida</em></span> 
     </span>
     <span class='ocr_line' id='line_1_17' title="bbox 216 1991 1371 2076; baseline 0 -18"><span class='ocrx_word' id='word_1_138' title='bbox 216 2007 248 2058; x_wconf 91' lang='lat' dir='ltr'><em>et</em></span> <span class='ocrx_word' id='word_1_139' title='bbox 261 1999 409 2058; x_wconf 78' lang='lat' dir='ltr'><em>Mancino</em></span> <span class='ocrx_word' id='word_1_140' title='bbox 423 2017 497 2058; x_wconf 83' lang='lat' dir='ltr'><em>cass.</em></span> <span class='ocrx_word' id='word_1_141' title='bbox 513 2001 588 2058; x_wconf 80' lang='lat' dir='ltr'><em>tutat.</em></span> <span class='ocrx_word' id='word_1_142' title='bbox 624 1993 675 2075; x_wconf 73' lang='lat'><em>28,</em></span> <span class='ocrx_word' id='word_1_143' title='bbox 694 1991 757 2056; x_wconf 78' lang='lat'><em>109</em></span> <span class='ocrx_word' id='word_1_144' title='bbox 778 1999 852 2058; x_wconf 81' lang='lat' dir='ltr'><em>Fun</em></span> <span class='ocrx_word' id='word_1_145' title='bbox 872 2001 950 2058; x_wconf 83' lang='lat' dir='ltr'><em>enirn</em></span> <span class='ocrx_word' id='word_1_146' title='bbox 969 1999 1010 2058; x_wconf 81' lang='lat' dir='ltr'><em>M.</em></span> <span class='ocrx_word' id='word_1_147' title='bbox 1027 1997 1142 2076; x_wconf 69' lang='lat' dir='ltr'><em>lentae</em></span> <span class='ocrx_word' id='word_1_148' title='bbox 1162 2005 1193 2058; x_wconf 88' lang='lat' dir='ltr'><em>et</em></span> <span class='ocrx_word' id='word_1_149' title='bbox 1210 1999 1244 2058; x_wconf 85' lang='lat' dir='ltr'><em>L.</em></span> <span class='ocrx_word' id='word_1_150' title='bbox 1265 1997 1371 2058; x_wconf 83' lang='lat' dir='ltr'><em>Oreste</em></span> 
     </span>
     <span class='ocr_line' id='line_1_18' title="bbox 218 2097 1371 2172; baseline -0.002 -14"><span class='ocrx_word' id='word_1_151' title='bbox 218 2115 290 2158; x_wconf 85' lang='lat' dir='ltr'><em>cass.</em></span> <span class='ocrx_word' id='word_1_152' title='bbox 312 2103 455 2172; x_wconf 78' lang='lat' dir='ltr'><em>quaestor</em></span> <span class='ocrx_word' id='word_1_153' title='bbox 481 2098 647 2171; x_wconf 73' lang='lat' dir='ltr'><em>Gracchus,</em></span> <span class='ocrx_word' id='word_1_154' title='bbox 680 2097 821 2156; x_wconf 79' lang='lat' dir='ltr'><em>tribunus</em></span> <span class='ocrx_word' id='word_1_155' title='bbox 848 2097 983 2170; x_wconf 78' lang='lat' dir='ltr'><em>Paratus,</em></span> <span class='ocrx_word' id='word_1_156' title='bbox 1014 2099 1094 2158; x_wconf 81' lang='lat' dir='ltr'><em>illius</em></span> <span class='ocrx_word' id='word_1_157' title='bbox 1127 2097 1168 2156; x_wconf 84' lang='lat' dir='ltr'><em>M.</em></span> <span class='ocrx_word' id='word_1_158' title='bbox 1189 2101 1285 2172; x_wconf 74' lang='lat' dir='ltr'><em>nitus,</em></span> <span class='ocrx_word' id='word_1_159' title='bbox 1318 2101 1371 2172; x_wconf 75' lang='lat' dir='ltr'><em>aut</em></span> 
     </span>
     <span class='ocr_line' id='line_1_19' title="bbox 217 2188 704 2277; baseline -0.004 -21"><span class='ocrx_word' id='word_1_160' title='bbox 217 2214 285 2256; x_wconf 88' lang='lat' dir='ltr'><em>eun</em></span> <span class='ocrx_word' id='word_1_161' title='bbox 313 2197 345 2268; x_wconf 71' lang='lat' dir='ltr'><em>Q.</em></span> <span class='ocrx_word' id='word_1_162' title='bbox 366 2198 452 2256; x_wconf 78' lang='lat' dir='ltr'><em>nerto</em></span> <span class='ocrx_word' id='word_1_163' title='bbox 475 2199 583 2256; x_wconf 87' lang='lat' dir='ltr'><em>consul</em></span> <span class='ocrx_word' id='word_1_164' title='bbox 599 2188 704 2277; x_wconf 54' lang='lat' dir='ltr'><em>suast)</em></span> 
     </span>
    </p>
   </div>
   <div class='ocr_carea' id='block_1_4' title="bbox 213 2349 1372 4433">
    <p class='ocr_par' dir='ltr' id='par_1_5' title="bbox 216 2349 1371 2499">
     <span class='ocr_line' id='line_1_20' title="bbox 309 2349 1371 2418; baseline 0 -16"><span class='ocrx_word' id='word_1_165' title='bbox 309 2353 335 2417; x_wconf 77' lang='lat'><em>1)</em></span> <span class='ocrx_word' id='word_1_166' title='bbox 352 2349 453 2416; x_wconf 79' lang='lat' dir='ltr'><em>Itaque</em></span> <span class='ocrx_word' id='word_1_167' title='bbox 471 2349 527 2401; x_wconf 91' lang='lat' dir='ltr'><em>Leo</em></span> <span class='ocrx_word' id='word_1_168' title='bbox 547 2351 642 2402; x_wconf 79' lang='lat' dir='ltr'><em>Plani.</em></span> <span class='ocrx_word' id='word_1_169' title='bbox 657 2349 768 2402; x_wconf 73' lang='lat' dir='ltr'><em>Porsen,</em></span> <span class='ocrx_word' id='word_1_170' title='bbox 780 2367 811 2418; x_wconf 76' lang='lat' dir='ltr'><em>p.</em></span> <span class='ocrx_word' id='word_1_171' title='bbox 828 2353 865 2400; x_wconf 80' lang='lat'><em>57</em></span> <span class='ocrx_word' id='word_1_172' title='bbox 879 2367 914 2418; x_wconf 74' lang='lat' dir='ltr'><em>sa.</em></span> <span class='ocrx_word' id='word_1_173' title='bbox 935 2349 961 2400; x_wconf 83' lang='lat' dir='ltr'><em>el·</em></span> <span class='ocrx_word' id='word_1_174' title='bbox 981 2349 1108 2402; x_wconf 79' lang='lat' dir='ltr'><em>Atticum</em></span> <span class='ocrx_word' id='word_1_175' title='bbox 1128 2365 1179 2402; x_wconf 81' lang='lat' dir='ltr'><em>suet</em></span> <span class='ocrx_word' id='word_1_176' title='bbox 1198 2365 1230 2402; x_wconf 82' lang='lat' dir='ltr'><em>ex</em></span> <span class='ocrx_word' id='word_1_177' title='bbox 1246 2349 1371 2402; x_wconf 76' lang='lat' dir='ltr'><em>Varrone</em></span> 
     </span>
     <span class='ocr_line' id='line_1_21' title="bbox 216 2427 883 2499; baseline 0.003 -16"><span class='ocrx_word' id='word_1_178' title='bbox 216 2429 365 2499; x_wconf 86' lang='lat' dir='ltr'><em>repetiisse</em></span> <span class='ocrx_word' id='word_1_179' title='bbox 385 2433 412 2483; x_wconf 89' lang='lat' dir='ltr'><em>et</em></span> <span class='ocrx_word' id='word_1_180' title='bbox 432 2429 591 2485; x_wconf 77' lang='lat' dir='ltr'><em>Ciceronem</em></span> <span class='ocrx_word' id='word_1_181' title='bbox 612 2428 659 2483; x_wconf 78' lang='lat' dir='ltr'><em>uir</em></span> <span class='ocrx_word' id='word_1_182' title='bbox 678 2432 754 2485; x_wconf 87' lang='lat' dir='ltr'><em>reete</em></span> <span class='ocrx_word' id='word_1_183' title='bbox 772 2427 883 2485; x_wconf 80' lang='lat' dir='ltr'><em>dixerit.</em></span> 
     </span>
    </p>

    <p class='ocr_par' dir='ltr' id='par_1_6' title="bbox 216 2511 1372 2903">
     <span class='ocr_line' id='line_1_22' title="bbox 308 2511 1370 2582; baseline 0.002 -19"><span class='ocrx_word' id='word_1_184' title='bbox 308 2514 334 2582; x_wconf 73' lang='lat'><em>2)</em></span> <span class='ocrx_word' id='word_1_185' title='bbox 353 2511 502 2576; x_wconf 80' lang='lat' dir='ltr'><em>of.1s‚rr</em></span> <span class='ocrx_word' id='word_1_186' title='bbox 524 2512 602 2565; x_wconf 87' lang='lat' dir='ltr'><em>Haec</em></span> <span class='ocrx_word' id='word_1_187' title='bbox 626 2512 650 2563; x_wconf 84' lang='lat' dir='ltr'><em>sr&#39;</em></span> <span class='ocrx_word' id='word_1_188' title='bbox 672 2512 764 2565; x_wconf 81' lang='lat' dir='ltr'><em>miuus</em></span> <span class='ocrx_word' id='word_1_189' title='bbox 789 2518 857 2579; x_wconf 70' lang='lat' dir='ltr'><em>autu</em></span> <span class='ocrx_word' id='word_1_190' title='bbox 880 2512 1010 2565; x_wconf 27' lang='lat' dir='ltr'><em>retractentur</em></span> <span class='ocrx_word' id='word_1_191' title='bbox 1033 2512 1097 2565; x_wconf 79' lang='lat' dir='ltr'><em>tatio</em></span> <span class='ocrx_word' id='word_1_192' title='bbox 1121 2512 1251 2579; x_wconf 83' lang='lat' dir='ltr'><em>serntoni,</em></span> <span class='ocrx_word' id='word_1_193' title='bbox 1272 2514 1370 2579; x_wconf 86' lang='lat' dir='ltr'><em>Brute,</em></span> 
     </span>
     <span class='ocr_line' id='line_1_23' title="bbox 217 2590 1372 2663; baseline 0.002 -18"><span class='ocrx_word' id='word_1_194' title='bbox 217 2592 311 2647; x_wconf 81' lang='lat' dir='ltr'><em>Attico</em></span> <span class='ocrx_word' id='word_1_195' title='bbox 325 2594 452 2663; x_wconf 60' lang='lat' dir='ltr'><em>adsigna,</em></span> <span class='ocrx_word' id='word_1_196' title='bbox 466 2592 515 2659; x_wconf 79' lang='lat' dir='ltr'><em>qui</em></span> <span class='ocrx_word' id='word_1_197' title='bbox 527 2610 569 2645; x_wconf 86' lang='lat' dir='ltr'><em>rue</em></span> <span class='ocrx_word' id='word_1_198' title='bbox 582 2592 770 2659; x_wconf 74' lang='lat' dir='ltr'><em>irtflnnunauit</em></span> <span class='ocrx_word' id='word_1_199' title='bbox 786 2590 880 2647; x_wconf 79' lang='lat' dir='ltr'><em>siradio</em></span> <span class='ocrx_word' id='word_1_200' title='bbox 898 2592 1058 2647; x_wconf 78' lang='lat' dir='ltr'><em>inlustrium</em></span> <span class='ocrx_word' id='word_1_201' title='bbox 1076 2592 1215 2647; x_wconf 84' lang='lat' dir='ltr'><em>horninunr</em></span> <span class='ocrx_word' id='word_1_202' title='bbox 1232 2598 1331 2647; x_wconf 87' lang='lat' dir='ltr'><em>aetates</em></span> <span class='ocrx_word' id='word_1_203' title='bbox 1346 2596 1372 2647; x_wconf 85' lang='lat' dir='ltr'><em>et</em></span> 
     </span>
     <span class='ocr_line' id='line_1_24' title="bbox 216 2672 1371 2743; baseline 0 -18"><span class='ocrx_word' id='word_1_204' title='bbox 216 2680 337 2741; x_wconf 63' lang='lat' dir='ltr'><em>teneriora</em></span> <span class='ocrx_word' id='word_1_205' title='bbox 356 2674 544 2743; x_wconf 72' lang='lat' dir='ltr'><em>persequendi.</em></span> <span class='ocrx_word' id='word_1_206' title='bbox 578 2672 641 2742; x_wconf 64' lang='lat' dir='ltr'><em>Ena</em></span> <span class='ocrx_word' id='word_1_207' title='bbox 663 2686 743 2737; x_wconf 84' lang='lat' dir='ltr'><em>uera,</em></span> <span class='ocrx_word' id='word_1_208' title='bbox 766 2672 860 2739; x_wconf 70' lang='lat' dir='ltr'><em>tuaene</em></span> <span class='ocrx_word' id='word_1_209' title='bbox 883 2672 1004 2739; x_wconf 77' lang='lat' dir='ltr'><em>Bestias,</em></span> <span class='ocrx_word' id='word_1_210' title='bbox 1027 2676 1054 2725; x_wconf 83' lang='lat' dir='ltr'><em>ct</em></span> <span class='ocrx_word' id='word_1_211' title='bbox 1075 2674 1190 2727; x_wconf 84' lang='lat' dir='ltr'><em>cleleator</em></span> <span class='ocrx_word' id='word_1_212' title='bbox 1212 2674 1265 2727; x_wconf 82' lang='lat' dir='ltr'><em>ista</em></span> <span class='ocrx_word' id='word_1_213' title='bbox 1290 2674 1371 2743; x_wconf 69' lang='lat' dir='ltr'><em>attasi</em></span> 
     </span>
     <span class='ocr_line' id='line_1_25' title="bbox 217 2752 1370 2825; baseline 0.002 -20"><span class='ocrx_word' id='word_1_214' title='bbox 217 2754 357 2809; x_wconf 79' lang='lat' dir='ltr'><em>notatione</em></span> <span class='ocrx_word' id='word_1_215' title='bbox 372 2762 521 2821; x_wconf 74' lang='lat' dir='ltr'><em>temperunt-</em></span> <span class='ocrx_word' id='word_1_216' title='bbox 535 2758 562 2805; x_wconf 84' lang='lat' dir='ltr'><em>et</em></span> <span class='ocrx_word' id='word_1_217' title='bbox 574 2752 613 2803; x_wconf 78' lang='lat' dir='ltr'><em>nri</em></span> <span class='ocrx_word' id='word_1_218' title='bbox 627 2752 664 2817; x_wconf 77' lang='lat' dir='ltr'><em>iet,</em></span> <span class='ocrx_word' id='word_1_219' title='bbox 681 2754 752 2821; x_wconf 70' lang='lat' dir='ltr'><em>orroei</em></span> <span class='ocrx_word' id='word_1_220' title='bbox 765 2752 922 2819; x_wconf 77' lang='lat' dir='ltr'><em>instituisti,</em></span> <span class='ocrx_word' id='word_1_221' title='bbox 937 2760 1075 2807; x_wconf 89' lang='lat' dir='ltr'><em>oratorun</em></span> <span class='ocrx_word' id='word_1_222' title='bbox 1089 2770 1190 2823; x_wconf 73' lang='lat' dir='ltr'><em>yenern</em></span> <span class='ocrx_word' id='word_1_223' title='bbox 1203 2754 1370 2825; x_wconf 62' lang='lat' dir='ltr'><em>distineatur</em></span> 
     </span>
     <span class='ocr_line' id='line_1_26' title="bbox 217 2832 1066 2903; baseline 0 -16"><span class='ocrx_word' id='word_1_224' title='bbox 217 2834 362 2899; x_wconf 77' lang='lat' dir='ltr'><em>aetatibus,</em></span> <span class='ocrx_word' id='word_1_225' title='bbox 381 2836 462 2887; x_wconf 78' lang='lat' dir='ltr'><em>istaut</em></span> <span class='ocrx_word' id='word_1_226' title='bbox 480 2834 653 2903; x_wconf 64' lang='lat' dir='ltr'><em>attinentium</em></span> <span class='ocrx_word' id='word_1_227' title='bbox 672 2848 725 2887; x_wconf 86' lang='lat' dir='ltr'><em>esse</em></span> <span class='ocrx_word' id='word_1_228' title='bbox 745 2832 973 2887; x_wconf 79' lang='lat' dir='ltr'><em>accommodatam</em></span> <span class='ocrx_word' id='word_1_229' title='bbox 992 2840 1066 2901; x_wconf 78' lang='lat' dir='ltr'><em>puto.</em></span> 
     </span>
    </p>

    <p class='ocr_par' dir='ltr' id='par_1_7' title="bbox 213 2910 1370 3063">
     <span class='ocr_line' id='line_1_27' title="bbox 308 2910 1370 2985; baseline 0 -18"><span class='ocrx_word' id='word_1_230' title='bbox 308 2918 334 2983; x_wconf 81' lang='lat'><em>3)</em></span> <span class='ocrx_word' id='word_1_231' title='bbox 352 2914 391 2966; x_wconf 88' lang='lat' dir='ltr'><em>M.</em></span> <span class='ocrx_word' id='word_1_232' title='bbox 409 2914 572 2982; x_wconf 80' lang='lat' dir='ltr'><em>Naumcnn,</em></span> <span class='ocrx_word' id='word_1_233' title='bbox 594 2914 640 2966; x_wconf 86' lang='lat' dir='ltr'><em>De</em></span> <span class='ocrx_word' id='word_1_234' title='bbox 661 2914 785 2979; x_wconf 71' lang='lat' dir='ltr'><em>fontibus</em></span> <span class='ocrx_word' id='word_1_235' title='bbox 811 2920 834 2965; x_wconf 88' lang='lat' dir='ltr'><em>ei</em></span> <span class='ocrx_word' id='word_1_236' title='bbox 858 2914 910 2981; x_wconf 65' lang='lat' dir='ltr'><em>[trie</em></span> <span class='ocrx_word' id='word_1_237' title='bbox 931 2914 1016 2969; x_wconf 82' lang='lat' dir='ltr'><em>Bruti</em></span> <span class='ocrx_word' id='word_1_238' title='bbox 1036 2910 1088 2969; x_wconf 80' lang='lat' dir='ltr'><em>nn.</em></span> <span class='ocrx_word' id='word_1_239' title='bbox 1111 2914 1193 2985; x_wconf 87' lang='lat' dir='ltr'><em>(Diss.</em></span> <span class='ocrx_word' id='word_1_240' title='bbox 1208 2914 1271 2967; x_wconf 81' lang='lat' dir='ltr'><em>Hal.</em></span> <span class='ocrx_word' id='word_1_241' title='bbox 1290 2918 1370 2983; x_wconf 75' lang='grc'><strong>1883)</strong></span> 
     </span>
     <span class='ocr_line' id='line_1_28' title="bbox 213 2998 323 3063; baseline 0 -14"><span class='ocrx_word' id='word_1_242' title='bbox 213 3012 243 3063; x_wconf 81' lang='lat' dir='ltr'><em>p.</em></span> <span class='ocrx_word' id='word_1_243' title='bbox 260 2998 323 3063; x_wconf 68' lang='lat' dir='ltr'><em>qu.</em></span> 
     </span>
    </p>

    <p class='ocr_par' dir='ltr' id='par_1_8' title="bbox 213 3072 1370 4433">
     <span class='ocr_line' id='line_1_29' title="bbox 308 3072 1368 3145; baseline 0 -18"><span class='ocrx_word' id='word_1_244' title='bbox 308 3078 335 3145; x_wconf 81' lang='lat'><em>4)</em></span> <span class='ocrx_word' id='word_1_245' title='bbox 353 3076 489 3127; x_wconf 83' lang='lat' dir='ltr'><em>Muenzer·</em></span> <span class='ocrx_word' id='word_1_246' title='bbox 502 3074 519 3127; x_wconf 88' lang='lat' dir='ltr'><em>l.</em></span> <span class='ocrx_word' id='word_1_247' title='bbox 535 3093 557 3127; x_wconf 85' lang='lat' dir='ltr'><em>s.</em></span> <span class='ocrx_word' id='word_1_248' title='bbox 572 3094 598 3143; x_wconf 88' lang='lat' dir='ltr'><em>p.</em></span> <span class='ocrx_word' id='word_1_249' title='bbox 613 3080 647 3127; x_wconf 83' lang='lat'><em>80</em></span> <span class='ocrx_word' id='word_1_250' title='bbox 656 3092 716 3143; x_wconf 85' lang='lat' dir='ltr'><em>sqq.</em></span> <span class='ocrx_word' id='word_1_251' title='bbox 734 3072 820 3127; x_wconf 78' lang='lat' dir='ltr'><em>etiam</em></span> <span class='ocrx_word' id='word_1_252' title='bbox 833 3072 914 3127; x_wconf 87' lang='lat' dir='ltr'><em>Bruti</em></span> <span class='ocrx_word' id='word_1_253' title='bbox 936 3090 955 3127; x_wconf 88' lang='lat' dir='ltr'><em>c.</em></span> <span class='ocrx_word' id='word_1_254' title='bbox 975 3080 998 3143; x_wconf 83' lang='lat'><em>7,</em></span> <span class='ocrx_word' id='word_1_255' title='bbox 1009 3078 1043 3127; x_wconf 72' lang='lat' dir='ltr'><em>ue</em></span> <span class='ocrx_word' id='word_1_256' title='bbox 1063 3074 1150 3127; x_wconf 81' lang='lat' dir='ltr'><em>Attici</em></span> <span class='ocrx_word' id='word_1_257' title='bbox 1167 3076 1276 3129; x_wconf 77' lang='lat' dir='ltr'><em>nunciis</em></span> <span class='ocrx_word' id='word_1_258' title='bbox 1293 3076 1368 3145; x_wconf 81' lang='lat' dir='ltr'><em>frng-</em></span> 
     </span>
     <span class='ocr_line' id='line_1_30' title="bbox 216 3154 1367 3225; baseline 0 -16"><span class='ocrx_word' id='word_1_259' title='bbox 216 3157 314 3209; x_wconf 80' lang='lat' dir='ltr'><em>meutn</em></span> <span class='ocrx_word' id='word_1_260' title='bbox 333 3156 427 3224; x_wconf 82' lang='lat' dir='ltr'><em>suget,</em></span> <span class='ocrx_word' id='word_1_261' title='bbox 446 3154 497 3207; x_wconf 89' lang='lat' dir='ltr'><em>ubi</em></span> <span class='ocrx_word' id='word_1_262' title='bbox 514 3154 610 3209; x_wconf 83' lang='lat' dir='ltr'><em>Cicero</em></span> <span class='ocrx_word' id='word_1_263' title='bbox 630 3159 772 3210; x_wconf 77' lang='lat' dir='ltr'><em>oratorum</em></span> <span class='ocrx_word' id='word_1_264' title='bbox 786 3154 1002 3209; x_wconf 77' lang='lat' dir='ltr'><em>Atheniensium</em></span> <span class='ocrx_word' id='word_1_265' title='bbox 1020 3154 1187 3211; x_wconf 77' lang='lat' dir='ltr'><em>memorium</em></span> <span class='ocrx_word' id='word_1_266' title='bbox 1204 3155 1367 3225; x_wconf 72' lang='lat' dir='ltr'><em>perlustret,</em></span> 
     </span>
     <span class='ocr_line' id='line_1_31' title="bbox 218 3234 1370 3307; baseline 0 -18"><span class='ocrx_word' id='word_1_267' title='bbox 218 3254 274 3304; x_wconf 80' lang='lat' dir='ltr'><em>qus</em></span> <span class='ocrx_word' id='word_1_268' title='bbox 297 3234 328 3289; x_wconf 91' lang='lat' dir='ltr'><em>in</em></span> <span class='ocrx_word' id='word_1_269' title='bbox 349 3238 419 3289; x_wconf 84' lang='lat' dir='ltr'><em>urbe</em></span> <span class='ocrx_word' id='word_1_270' title='bbox 445 3236 577 3303; x_wconf 78' lang='lat' dir='ltr'><em>‘primum</em></span> <span class='ocrx_word' id='word_1_271' title='bbox 603 3236 831 3289; x_wconf 77' lang='lat' dir='ltr'><em>monumentis</em></span> <span class='ocrx_word' id='word_1_272' title='bbox 862 3240 893 3289; x_wconf 88' lang='lat' dir='ltr'><em>et</em></span> <span class='ocrx_word' id='word_1_273' title='bbox 922 3236 1056 3289; x_wconf 85' lang='lat' dir='ltr'><em>litteris</em></span> <span class='ocrx_word' id='word_1_274' title='bbox 1084 3234 1175 3289; x_wconf 77' lang='lat' dir='ltr'><em>oratio</em></span> <span class='ocrx_word' id='word_1_275' title='bbox 1200 3240 1244 3289; x_wconf 89' lang='lat' dir='ltr'><em>est</em></span> <span class='ocrx_word' id='word_1_276' title='bbox 1269 3240 1370 3307; x_wconf 81' lang='lat' dir='ltr'><em>coeptu</em></span> 
     </span>
     <span class='ocr_line' id='line_1_32' title="bbox 216 3316 1370 3385; baseline 0.001 -16"><span class='ocrx_word' id='word_1_277' title='bbox 216 3316 368 3383; x_wconf 78' lang='lat' dir='ltr'><em>manduri&#39;,</em></span> <span class='ocrx_word' id='word_1_278' title='bbox 384 3319 467 3385; x_wconf 79' lang='lat' dir='ltr'><em>atque</em></span> <span class='ocrx_word' id='word_1_279' title='bbox 482 3318 635 3385; x_wconf 76' lang='lat' dir='ltr'><em>postquam</em></span> <span class='ocrx_word' id='word_1_280' title='bbox 647 3316 834 3381; x_wconf 77' lang='lat' dir='ltr'><em>Pisistratum,</em></span> <span class='ocrx_word' id='word_1_281' title='bbox 847 3316 986 3383; x_wconf 78' lang='lat' dir='ltr'><em>Solonem,</em></span> <span class='ocrx_word' id='word_1_282' title='bbox 998 3316 1169 3369; x_wconf 83' lang='lat' dir='ltr'><em>Clisthenem</em></span> <span class='ocrx_word' id='word_1_283' title='bbox 1185 3316 1370 3385; x_wconf 82' lang='lat' dir='ltr'><em>enumereuit,</em></span> 
     </span>
     <span class='ocr_line' id='line_1_33' title="bbox 217 3394 1369 3467; baseline 0 -16"><span class='ocrx_word' id='word_1_284' title='bbox 217 3415 287 3467; x_wconf 87' lang='lat' dir='ltr'><em>quos</em></span> <span class='ocrx_word' id='word_1_285' title='bbox 305 3396 422 3466; x_wconf 85' lang='lat' dir='ltr'><em>‘opinio’</em></span> <span class='ocrx_word' id='word_1_286' title='bbox 444 3400 518 3451; x_wconf 88' lang='lat' dir='ltr'><em>esset</em></span> <span class='ocrx_word' id='word_1_287' title='bbox 534 3396 656 3451; x_wconf 86' lang='lat' dir='ltr'><em>multum</em></span> <span class='ocrx_word' id='word_1_288' title='bbox 675 3396 799 3451; x_wconf 80' lang='lat' dir='ltr'><em>ualuisse</em></span> <span class='ocrx_word' id='word_1_289' title='bbox 820 3394 946 3463; x_wconf 81' lang='lat' dir='ltr'><em>dicendo,</em></span> <span class='ocrx_word' id='word_1_290' title='bbox 967 3394 1060 3451; x_wconf 74' lang='lat' dir='ltr'><em>reddit:</em></span> <span class='ocrx_word' id='word_1_291' title='bbox 1079 3400 1145 3451; x_wconf 89' lang='lat' dir='ltr'><em>Post</em></span> <span class='ocrx_word' id='word_1_292' title='bbox 1165 3400 1237 3451; x_wconf 81' lang='lat' dir='ltr'><em>lianc</em></span> <span class='ocrx_word' id='word_1_293' title='bbox 1255 3406 1369 3453; x_wconf 84' lang='lat' dir='ltr'><em>aetatem</em></span> 
     </span>
     <span class='ocr_line' id='line_1_34' title="bbox 216 3478 1370 3547; baseline -0.001 -12"><span class='ocrx_word' id='word_1_294' title='bbox 216 3482 324 3547; x_wconf 78' lang='lat' dir='ltr'><em>aliquot</em></span> <span class='ocrx_word' id='word_1_295' title='bbox 340 3478 434 3546; x_wconf 77' lang='lat' dir='ltr'><em>aureis,</em></span> <span class='ocrx_word' id='word_1_296' title='bbox 451 3484 484 3531; x_wconf 87' lang='lat' dir='ltr'><em>ut</em></span> <span class='ocrx_word' id='word_1_297' title='bbox 501 3496 533 3531; x_wconf 84' lang='lat' dir='ltr'><em>erc</em></span> <span class='ocrx_word' id='word_1_298' title='bbox 552 3478 681 3533; x_wconf 75' lang='lat' dir='ltr'><em>Atticis</em></span> <span class='ocrx_word' id='word_1_299' title='bbox 699 3478 920 3531; x_wconf 71' lang='lat' dir='ltr'><em>ritoruurtrentt‘s</em></span> <span class='ocrx_word' id='word_1_300' title='bbox 934 3484 1021 3547; x_wconf 69' lang='lat' dir='ltr'><em>potest</em></span> <span class='ocrx_word' id='word_1_301' title='bbox 1030 3478 1160 3547; x_wconf 70' lang='lat' dir='ltr'><em>perspici,</em></span> <span class='ocrx_word' id='word_1_302' title='bbox 1180 3478 1370 3535; x_wconf 80' lang='lat' dir='ltr'><em>Thetnt&#39;stoales</em></span> 
     </span>
     <span class='ocr_line' id='line_1_35' title="bbox 216 3560 1370 3629; baseline 0 -16"><span class='ocrx_word' id='word_1_303' title='bbox 216 3562 281 3626; x_wconf 76' lang='lat' dir='ltr'><em>fuit,</em></span> <span class='ocrx_word' id='word_1_304' title='bbox 300 3576 378 3629; x_wconf 73' lang='lat' dir='ltr'><em>quern</em></span> <span class='ocrx_word' id='word_1_305' title='bbox 394 3564 502 3613; x_wconf 81' lang='lat' dir='ltr'><em>constat</em></span> <span class='ocrx_word' id='word_1_306' title='bbox 518 3576 580 3612; x_wconf 79' lang='lat' dir='ltr'><em>eunt</em></span> <span class='ocrx_word' id='word_1_307' title='bbox 593 3560 749 3627; x_wconf 80' lang='lat' dir='ltr'><em>prudentia</em></span> <span class='ocrx_word' id='word_1_308' title='bbox 765 3566 824 3613; x_wconf 74' lang='lat' dir='ltr'><em>tutu</em></span> <span class='ocrx_word' id='word_1_309' title='bbox 843 3562 926 3613; x_wconf 74' lang='lat' dir='ltr'><em>atiani</em></span> <span class='ocrx_word' id='word_1_310' title='bbox 944 3560 1097 3629; x_wconf 71' lang='lat' dir='ltr'><em>eloquentia</em></span> <span class='ocrx_word' id='word_1_311' title='bbox 1107 3560 1292 3627; x_wconf 51' lang='lat' dir='ltr'><em>praestitum</em></span> <span class='ocrx_word' id='word_1_312' title='bbox 1307 3566 1370 3629; x_wconf 74' lang='lat' dir='ltr'><em>nost</em></span> 
     </span>
     <span class='ocr_line' id='line_1_36' title="bbox 217 3636 1370 3708; baseline 0 -15"><span class='ocrx_word' id='word_1_313' title='bbox 217 3640 335 3695; x_wconf 78' lang='lat' dir='ltr'><em>Pericles</em></span> <span class='ocrx_word' id='word_1_314' title='bbox 353 3646 380 3694; x_wconf 87' lang='lat' dir='ltr'><em>et</em></span> <span class='ocrx_word' id='word_1_315' title='bbox 396 3656 420 3708; x_wconf 75' lang='lat' dir='ltr'><em>q.</em></span> <span class='ocrx_word' id='word_1_316' title='bbox 436 3658 465 3705; x_wconf 85' lang='lat' dir='ltr'><em>s,</em></span> <span class='ocrx_word' id='word_1_317' title='bbox 484 3638 533 3691; x_wconf 82' lang='lat' dir='ltr'><em>ubi</em></span> <span class='ocrx_word' id='word_1_318' title='bbox 553 3640 686 3691; x_wconf 84' lang='lat' dir='ltr'><em>Muenzer</em></span> <span class='ocrx_word' id='word_1_319' title='bbox 706 3640 861 3692; x_wconf 82' lang='lat' dir='ltr'><em>multorum</em></span> <span class='ocrx_word' id='word_1_320' title='bbox 885 3636 1012 3691; x_wconf 85' lang='lat' dir='ltr'><em>codicum</em></span> <span class='ocrx_word' id='word_1_321' title='bbox 1032 3638 1199 3707; x_wconf 76' lang='lat' dir='ltr'><em>scripturam</em></span> <span class='ocrx_word' id='word_1_322' title='bbox 1214 3640 1304 3693; x_wconf 81' lang='lat' dir='ltr'><em>Atttet</em></span> <span class='ocrx_word' id='word_1_323' title='bbox 1321 3640 1370 3693; x_wconf 84' lang='lat' dir='ltr'><em>de·</em></span> 
     </span>
     <span class='ocr_line' id='line_1_37' title="bbox 216 3718 1370 3787; baseline 0.002 -16"><span class='ocrx_word' id='word_1_324' title='bbox 216 3718 317 3774; x_wconf 79' lang='lat' dir='ltr'><em>renuit.</em></span> <span class='ocrx_word' id='word_1_325' title='bbox 355 3723 386 3773; x_wconf 79' lang='lat' dir='ltr'><em>nt</em></span> <span class='ocrx_word' id='word_1_326' title='bbox 406 3718 533 3773; x_wconf 84' lang='lat' dir='ltr'><em>Atticum</em></span> <span class='ocrx_word' id='word_1_327' title='bbox 558 3720 668 3773; x_wconf 81' lang='lat' dir='ltr'><em>duabus</em></span> <span class='ocrx_word' id='word_1_328' title='bbox 691 3718 878 3787; x_wconf 77' lang='lat' dir='ltr'><em>paragraphis</em></span> <span class='ocrx_word' id='word_1_329' title='bbox 902 3720 988 3773; x_wconf 76' lang='lat' dir='ltr'><em>auten</em></span> <span class='ocrx_word' id='word_1_330' title='bbox 1011 3718 1213 3787; x_wconf 77' lang='lat' dir='ltr'><em>appellauerot,</em></span> <span class='ocrx_word' id='word_1_331' title='bbox 1239 3722 1299 3771; x_wconf 86' lang='lat' dir='ltr'><em>tum</em></span> <span class='ocrx_word' id='word_1_332' title='bbox 1317 3736 1370 3773; x_wconf 87' lang='lat' dir='ltr'><em>uec</em></span> 
     </span>
     <span class='ocr_line' id='line_1_38' title="bbox 217 3798 1370 3869; baseline 0 -16"><span class='ocrx_word' id='word_1_333' title='bbox 217 3800 278 3853; x_wconf 87' lang='lat' dir='ltr'><em>eins</em></span> <span class='ocrx_word' id='word_1_334' title='bbox 308 3800 417 3853; x_wconf 77' lang='lat' dir='ltr'><em>annulis</em></span> <span class='ocrx_word' id='word_1_335' title='bbox 447 3798 613 3869; x_wconf 84' lang='lat' dir='ltr'><em>simpliciter</em></span> <span class='ocrx_word' id='word_1_336' title='bbox 639 3800 698 3853; x_wconf 77' lang='lat' dir='ltr'><em>elici</em></span> <span class='ocrx_word' id='word_1_337' title='bbox 724 3800 819 3869; x_wconf 84' lang='lat' dir='ltr'><em>potuit</em></span> <span class='ocrx_word' id='word_1_338' title='bbox 841 3808 1016 3855; x_wconf 84' lang='lat' dir='ltr'><em>rnonarrnenta</em></span> <span class='ocrx_word' id='word_1_339' title='bbox 1043 3816 1094 3853; x_wconf 85' lang='lat' dir='ltr'><em>nec</em></span> <span class='ocrx_word' id='word_1_340' title='bbox 1119 3800 1251 3869; x_wconf 86' lang='lat' dir='ltr'><em>coniungi</em></span> <span class='ocrx_word' id='word_1_341' title='bbox 1274 3820 1308 3855; x_wconf 79' lang='lat' dir='ltr'><em>etc</em></span> <span class='ocrx_word' id='word_1_342' title='bbox 1330 3802 1370 3853; x_wconf 85' lang='lat' dir='ltr'><em>eis</em></span> 
     </span>
     <span class='ocr_line' id='line_1_39' title="bbox 213 3878 1370 3951; baseline -0.004 -14"><span class='ocrx_word' id='word_1_343' title='bbox 213 3898 293 3949; x_wconf 73' lang='lat' dir='ltr'><em>passe</em></span> <span class='ocrx_word' id='word_1_344' title='bbox 307 3882 439 3951; x_wconf 73' lang='lat' dir='ltr'><em>perspice,</em></span> <span class='ocrx_word' id='word_1_345' title='bbox 455 3898 522 3933; x_wconf 75' lang='lat' dir='ltr'><em>nam</em></span> <span class='ocrx_word' id='word_1_346' title='bbox 541 3880 566 3933; x_wconf 89' lang='lat' dir='ltr'><em>si</em></span> <span class='ocrx_word' id='word_1_347' title='bbox 585 3880 798 3935; x_wconf 79' lang='lat' dir='ltr'><em>‘monumentis‘</em></span> <span class='ocrx_word' id='word_1_348' title='bbox 819 3880 1013 3949; x_wconf 80' lang='lat' dir='ltr'><em>significentur</em></span> <span class='ocrx_word' id='word_1_349' title='bbox 1033 3880 1112 3947; x_wconf 84' lang='lat' dir='ltr'><em>libri,</em></span> <span class='ocrx_word' id='word_1_350' title='bbox 1131 3878 1172 3933; x_wconf 88' lang='lat' dir='ltr'><em>eis</em></span> <span class='ocrx_word' id='word_1_351' title='bbox 1192 3882 1298 3933; x_wconf 83' lang='lat' dir='ltr'><em>certum</em></span> <span class='ocrx_word' id='word_1_352' title='bbox 1318 3880 1370 3933; x_wconf 78' lang='lat' dir='ltr'><em>nli-</em></span> 
     </span>
     <span class='ocr_line' id='line_1_40' title="bbox 217 3960 1367 4031; baseline 0 -16"><span class='ocrx_word' id='word_1_353' title='bbox 217 3980 305 4029; x_wconf 82' lang='lat' dir='ltr'><em>qunm</em></span> <span class='ocrx_word' id='word_1_354' title='bbox 321 3961 485 4015; x_wconf 77' lang='lat' dir='ltr'><em>memoriam</em></span> <span class='ocrx_word' id='word_1_355' title='bbox 504 3960 654 4031; x_wconf 79' lang='lat' dir='ltr'><em>propagari</em></span> <span class='ocrx_word' id='word_1_356' title='bbox 679 3960 782 4015; x_wconf 85' lang='lat' dir='ltr'><em>dic-itur</em></span> <span class='ocrx_word' id='word_1_357' title='bbox 802 3960 909 4029; x_wconf 71' lang='lat' dir='ltr'><em>(itaque</em></span> <span class='ocrx_word' id='word_1_358' title='bbox 929 3962 1005 4015; x_wconf 77' lang='lat' dir='ltr'><em>haud</em></span> <span class='ocrx_word' id='word_1_359' title='bbox 1023 3978 1085 4015; x_wconf 81' lang='lat' dir='ltr'><em>rnre</em></span> <span class='ocrx_word' id='word_1_360' title='bbox 1112 3962 1298 4015; x_wconf 81' lang='lat' dir='ltr'><em>‘nrorttanteutu</em></span> <span class='ocrx_word' id='word_1_361' title='bbox 1315 3964 1367 4015; x_wconf 85' lang='lat' dir='ltr'><em>uh&#39;-</em></span> 
     </span>
     <span class='ocr_line' id='line_1_41' title="bbox 217 4040 1369 4111; baseline 0 -16"><span class='ocrx_word' id='word_1_362' title='bbox 217 4044 298 4097; x_wconf 83' lang='lat' dir='ltr'><em>cur&#39;us</em></span> <span class='ocrx_word' id='word_1_363' title='bbox 315 4042 356 4097; x_wconf 82' lang='lat' dir='ltr'><em>ret&#39;</em></span> <span class='ocrx_word' id='word_1_364' title='bbox 375 4042 470 4097; x_wconf 75' lang='lat' dir='ltr'><em>litteris</em></span> <span class='ocrx_word' id='word_1_365' title='bbox 483 4044 620 4095; x_wconf 70' lang='lat' dir='ltr'><em>misitania</em></span> <span class='ocrx_word' id='word_1_366' title='bbox 633 4042 696 4097; x_wconf 82' lang='lat' dir='ltr'><em>esse’</em></span> <span class='ocrx_word' id='word_1_367' title='bbox 712 4042 790 4111; x_wconf 76' lang='lat' dir='ltr'><em>apud</em></span> <span class='ocrx_word' id='word_1_368' title='bbox 805 4040 964 4095; x_wconf 79' lang='lat' dir='ltr'><em>Ciceronem</em></span> <span class='ocrx_word' id='word_1_369' title='bbox 985 4042 1149 4111; x_wconf 72' lang='lat' dir='ltr'><em>inuenitur),</em></span> <span class='ocrx_word' id='word_1_370' title='bbox 1172 4042 1292 4109; x_wconf 86' lang='lat' dir='ltr'><em>denique</em></span> <span class='ocrx_word' id='word_1_371' title='bbox 1311 4044 1369 4111; x_wconf 80' lang='lat' dir='ltr'><em>opi-</em></span> 
     </span>
     <span class='ocr_line' id='line_1_42' title="bbox 217 4120 1369 4191; baseline 0.002 -16"><span class='ocrx_word' id='word_1_372' title='bbox 217 4124 351 4177; x_wconf 73' lang='lat' dir='ltr'><em>retorride</em></span> <span class='ocrx_word' id='word_1_373' title='bbox 375 4120 536 4190; x_wconf 80' lang='lat' dir='ltr'><em>Pisistrato,</em></span> <span class='ocrx_word' id='word_1_374' title='bbox 562 4122 676 4189; x_wconf 83' lang='lat' dir='ltr'><em>Solone,</em></span> <span class='ocrx_word' id='word_1_375' title='bbox 699 4120 842 4177; x_wconf 81' lang='lat' dir='ltr'><em>Clistheue</em></span> <span class='ocrx_word' id='word_1_376' title='bbox 870 4130 1044 4177; x_wconf 81' lang='lat' dir='ltr'><em>tnonurnenta</em></span> <span class='ocrx_word' id='word_1_377' title='bbox 1068 4120 1163 4177; x_wconf 80' lang='lat' dir='ltr'><em>Cicero</em></span> <span class='ocrx_word' id='word_1_378' title='bbox 1189 4122 1307 4191; x_wconf 85' lang='lat' dir='ltr'><em>opponit</em></span> <span class='ocrx_word' id='word_1_379' title='bbox 1333 4122 1369 4177; x_wconf 89' lang='lat' dir='ltr'><em>de</em></span> 
     </span>
     <span class='ocr_line' id='line_1_43' title="bbox 218 4202 1368 4273; baseline 0 -18"><span class='ocrx_word' id='word_1_380' title='bbox 218 4202 415 4257; x_wconf 82' lang='lat' dir='ltr'><em>Themistoclis</em></span> <span class='ocrx_word' id='word_1_381' title='bbox 431 4202 599 4271; x_wconf 80' lang='lat' dir='ltr'><em>eloquentia,</em></span> <span class='ocrx_word' id='word_1_382' title='bbox 612 4220 717 4255; x_wconf 89' lang='lat' dir='ltr'><em>memor</em></span> <span class='ocrx_word' id='word_1_383' title='bbox 732 4220 835 4269; x_wconf 88' lang='lat' dir='ltr'><em>eorum,</em></span> <span class='ocrx_word' id='word_1_384' title='bbox 851 4218 925 4273; x_wconf 83' lang='lat' dir='ltr'><em>quae</em></span> <span class='ocrx_word' id='word_1_385' title='bbox 938 4204 1019 4257; x_wconf 89' lang='lat' dir='ltr'><em>modo</em></span> <span class='ocrx_word' id='word_1_386' title='bbox 1036 4202 1193 4271; x_wconf 79' lang='lat' dir='ltr'><em>scripserat,</em></span> <span class='ocrx_word' id='word_1_387' title='bbox 1210 4202 1368 4271; x_wconf 84' lang='lat' dir='ltr'><em>uerborum,</em></span> 
     </span>
     <span class='ocr_line' id='line_1_44' title="bbox 219 4282 1369 4353; baseline 0.001 -18"><span class='ocrx_word' id='word_1_388' title='bbox 219 4282 422 4351; x_wconf 77' lang='lat' dir='ltr'><em>confirmetque</em></span> <span class='ocrx_word' id='word_1_389' title='bbox 446 4300 479 4338; x_wconf 80' lang='lat' dir='ltr'><em>en</em></span> <span class='ocrx_word' id='word_1_390' title='bbox 504 4282 621 4337; x_wconf 82' lang='lat' dir='ltr'><em>certiore</em></span> <span class='ocrx_word' id='word_1_391' title='bbox 639 4284 820 4351; x_wconf 85' lang='lat' dir='ltr'><em>documento,</em></span> <span class='ocrx_word' id='word_1_392' title='bbox 840 4282 859 4337; x_wconf 85' lang='lat' dir='ltr'><em>i.</em></span> <span class='ocrx_word' id='word_1_393' title='bbox 875 4300 896 4337; x_wconf 85' lang='lat' dir='ltr'><em>e.</em></span> <span class='ocrx_word' id='word_1_394' title='bbox 914 4282 1020 4353; x_wconf 83' lang='lat' dir='ltr'><em>origine</em></span> <span class='ocrx_word' id='word_1_395' title='bbox 1042 4282 1144 4349; x_wconf 81' lang='lat' dir='ltr'><em>Attice,</em></span> <span class='ocrx_word' id='word_1_396' title='bbox 1165 4286 1196 4337; x_wconf 87' lang='lat' dir='ltr'><em>ut</em></span> <span class='ocrx_word' id='word_1_397' title='bbox 1214 4282 1312 4337; x_wconf 78' lang='lat' dir='ltr'><em>redeat</em></span> <span class='ocrx_word' id='word_1_398' title='bbox 1331 4282 1369 4335; x_wconf 79' lang='lat' dir='ltr'><em>ad</em></span> 
     </span>
     <span class='ocr_line' id='line_1_45' title="bbox 217 4362 1287 4433; baseline 0 -16"><span class='ocrx_word' id='word_1_399' title='bbox 217 4362 355 4418; x_wconf 80' lang='lat' dir='ltr'><em>Periclem</em></span> <span class='ocrx_word' id='word_1_400' title='bbox 375 4367 402 4417; x_wconf 85' lang='lat' dir='ltr'><em>et</em></span> <span class='ocrx_word' id='word_1_401' title='bbox 421 4364 624 4433; x_wconf 69' lang='lat' dir='ltr'><em>Thucydidem,</em></span> <span class='ocrx_word' id='word_1_402' title='bbox 642 4382 712 4431; x_wconf 88' lang='lat' dir='ltr'><em>quos</em></span> <span class='ocrx_word' id='word_1_403' title='bbox 732 4380 798 4417; x_wconf 87' lang='lat' dir='ltr'><em>nere</em></span> <span class='ocrx_word' id='word_1_404' title='bbox 817 4366 940 4417; x_wconf 83' lang='lat' dir='ltr'><em>oratores</em></span> <span class='ocrx_word' id='word_1_405' title='bbox 958 4364 1047 4417; x_wconf 81' lang='lat' dir='ltr'><em>fuisse</em></span> <span class='ocrx_word' id='word_1_406' title='bbox 1066 4366 1150 4417; x_wconf 79' lang='lat' dir='ltr'><em>auten</em></span> <span class='ocrx_word' id='word_1_407' title='bbox 1171 4362 1287 4417; x_wconf 78' lang='lat' dir='ltr'><em>dixerut</em></span> 
     </span>
    </p>
   </div>
   <div class='ocr_carea' id='block_1_5' title="bbox 0 0 1622 4950">
    <p class='ocr_par' dir='ltr' id='par_1_9' title="bbox 0 0 1622 4950">
     <span class='ocr_line' id='line_1_46' title="bbox 0 0 1622 4950; baseline 0 0"><span class='ocrx_word' id='word_1_408' title='bbox 0 0 1622 4950; x_wconf 95' lang='lat' dir='ltr'><em> </em></span> 
     </span>
    </p>
   </div>
  </div>
 </body>
</html>
