3234 4950
591 367 631 422 TI.
651 365 827 422 cannatas
846 367 1043 422 BALBILLVS
1231 389 1391 436 cxxxxm

513 591 569 662 ni.
597 587 825 662 CLAVDIVS
852 589 1115 662 BALBILLVS

331 769 411 838 Quae
436 769 472 830 de
496 789 531 830 eo
555 773 730 848 accepimus
756 771 854 828 omnia
877 769 913 830 ad
931 770 1096 848 Aegyptum
1119 773 1280 848 pertinent,
1303 771 1390 830 euius

240 869 457 951 praefecturam
481 869 507 926 ei
529 887 550 928 a.
573 863 688 946 aniana
711 869 886 946 permissam
906 887 971 928 esse
990 869 1109 928 Tacitus
1131 861 1217 950 (nnn.
1230 869 1324 926 XIII
1337 869 1391 946 22,

242 969 294 1030 11111
316 973 415 1026 tamen
434 985 591 1044 perperam
610 965 700 1026 Gaius
720 961 904 1050 nominatur)
922 969 1010 1026 testis
1029 974 1083 1044 est,
1106 974 1137 1025 et
1154 965 1232 1026 tituli
1254 969 1295 1040 (n.
1314 969 1389 1028 Pro·

241 1085 301 1144 sep.
323 1067 344 1124 I
352 1085 385 1142 p.
406 1067 472 1124 366
490 1085 518 1124 n.
540 1067 617 1138 662)
650 1073 676 1124 et
708 1067 886 1142 scriptorum
909 1065 974 1142 ioci,
998 1065 1088 1124 Plinii
1111 1067 1204 1137 (nli.
1223 1065 1275 1142 19,
1294 1065 1331 1138 3)
1360 1074 1391 1124 et

243 1167 370 1226 Senecae
392 1163 422 1240 (I
438 1211 443 1222 .
466 1163 508 1240 ί),
533 1163 667 1222 miraculi
687 1163 811 1222 alicuius
832 1165 1033 1222 auctoritatem
1053 1163 1090 1222 ad
1108 1163 1188 1222 hunc
1208 1163 1391 1242 praematura

241 1265 364 1340 Aegypti
397 1261 559 1340 referentis,
595 1261 671 1340 quad
704 1259 751 1320 ilie
784 1263 833 1320 uir
855 1259 1018 1340 ‘proiectus
1049 1264 1082 1320 in
1113 1265 1194 1322 omni
1223 1261 1391 1322 litterarum

241 1379 352 1442 genere
376 1357 534 1420 rarissimi’
558 1359 643 1418 facile
667 1361 698 1418 in
723 1361 942 1418 commentariis
966 1378 1088 1418 murare
1110 1361 1214 1436 potmt.

348 1627 627 1700 IMPERATOR
657 1629 695 1700 Τ.
721 1625 923 1700 annuns
954 1627 1280 1700 Vespasianus

498 1783 599 1852 (uacus
619 1799 643 1836 a.
661 1781 760 1854 afrae,
780 1781 846 1850 imp,
861 1783 1131 1853 earseamaosssn.)

330 1925 540 2004 imperatorem
550 1925 763 2002 Vespasianum
773 1923 928 1984 Reatinum
944 1943 980 1982 ne
991 1923 1101 1984 Graeca
1116 1925 1235 2002 quidem
1253 1923 1390 1984 facundia

242 2025 371 2084 caruisse
405 2021 609 2100 ‘omniumque
645 2011 717 2102 {puae
752 2021 863 2082 diceret
897 2031 982 2102 atque
1017 2032 1129 2102 ageret,
1165 2032 1228 2084 arte
1263 2023 1389 2101 quadam

240 2119 466 2184 ostentatorem'
494 2123 587 2180 fnisse
615 2121 733 2180 Tacitus
765 2123 851 2194 (nist.
871 2123 911 2180 II
924 2121 981 2196 80)
1017 2141 1048 2180 eo
1082 2123 1225 2182 intentius
1259 2121 1389 2200 tradidit,

242 2243 298 2300 quo
322 2223 421 2282 minus
446 2241 514 2282 cum
537 2219 648 2280 iudicio
666 2219 790 2298 uulgari,
816 2219 902 2299 quale
919 2221 979 2280 iarn
999 2229 1061 2280 111111
1082 2222 1295 2280 conterraneum
1317 2229 1389 2299 erat,

241 2323 399 2380 coricinere
417 2319 574 2380 uidebatur
599 2311 670 2400 (quo
689 2317 830 2378 inductus
849 2319 985 2378 Aurelius
1006 2320 1104 2378 Victor
1128 2321 1212 2378 Caes,
1227 2319 1290 2393 9,1
1313 2319 1389 2378 lianc

241 2419 356 2481 laudem
379 2421 420 2481 ita
444 2421 562 2479 minuit:
592 2417 762 2497 sanctoniae
789 2419 875 2479 ίιιαα]
901 2435 991 2493 opens
1008 2422 1188 2495 promendis
1215 2437 1294 2493 ςυστ
1322 2437 1388 2477 seri-

240 2512 347 2601 sernt).
391 2520 429 2577 Ea
455 2526 549 2577 autem
577 2518 610 2577 dc
636 2538 723 2577 (eausa
746 2536 804 2577 non
831 2518 1013 2595 mirabimur)
1032 2516 1109 2595 [juod
1129 2536 1229 2577 rernm
1254 2538 1271 2577 a
1288 2536 1322 2577 se
1341 2536 1389 2595 ge·

241 2628 352 2677 starum
388 2618 547 2677 memoriae
577 2618 640 2695 ipse
669 2616 817 2675 cornuluit.
845 2618 1131 2695 commentariosqne
1159 2625 1190 2675 et
1217 2617 1337 2693 scripsit
1360 2625 1391 2675 et

240 2716 412 2793 publicauit.
459 2736 527 2775 uam
555 2734 730 2795 [prramquam
761 2734 808 2775 eos
842 2715 920 2775 solus
946 2715 1088 2793 Iosephus
1111 2718 1221 2794 citauit7
1251 2716 1300 2793 qui
1326 2722 1389 2775 arta

243 2814 440 2875 familiaritate
467 2834 533 2873 oum
557 2814 666 2895 Flauiis
692 2814 867 2873 coniunctas
893 2821 979 2891 esset,
1013 2820 1110 2873 tomen
1135 2814 1214 2873 lusto
1237 2814 1390 2891 historico,

240 2912 319 2991 quod
348 2916 391 2973 eis
420 2932 480 2973 uon
509 2932 582 2973 usus
606 2920 698 2991 esset,
732 2913 851 2971 crimini
880 2912 950 2971 dare
972 2932 1032 2971 non
1054 2914 1152 2990 potuit
1174 2912 1228 2989 (fr.
1250 2914 1297 2989 I),
1331 2914 1389 2971 nisi

241 3014 391 3071 crmrmnni
420 3014 486 3071 usui
519 3014 695 3089 patuissent,
727 3010 758 3069 id
789 3012 867 3089 [laod
899 3019 999 3071 contra
1029 3012 1293 3070 Premersteinium
1325 3012 1388 3087 (op.

242 3112 451 3185 Pauly-ttici.
473 3112 523 3171 IV
532 3130 564 3187 p.
583 3112 713 3185 757ch
736 3110 1010 3189 montanamque
1040 3112 1130 3169 etiam
1159 3108 1196 3167 ab
1225 3108 1291 3167 allis
1318 3108 1388 3167 helii

240 3206 352 3267 Iudaici
370 3210 565 3285 scriptoribus
589 3210 619 3267 in
639 3228 726 3269 usum
746 3228 794 3267 eos
816 3217 934 3267 uocatos
955 3228 1021 3267 esse
1039 3210 1290 3267 commemorauit.
1315 3208 1388 3267 haec

241 3308 319 3365 enim
344 3310 511 3367 testimonia
537 3316 613 3387 sunt,
639 3326 712 3387 quae
730 3314 796 3385 pon
827 3309 938 3367 naaiora
961 3325 1048 3385 opera
1070 3306 1155 3385 edita,
1178 3315 1213 3365 ut
1229 3308 1389 3367 ueritatem

241 3426 324 3465 suana
357 3414 459 3465 comra
489 3408 617 3465 aemulos
648 3406 894 3484 aduersariosque
922 3404 1107 3483 defenderet7
1144 3408 1174 3463 in
1204 3408 1266 3465 uita
1296 3413 1328 3464 et
1354 3408 1388 3465 in

241 3504 325 3563 libris
351 3514 452 3565 eontra
475 3506 616 3583 Apionem
644 3498 741 3587 (amris
765 3498 1062 3587 93ί846-9ὃί848)
1086 3504 1241 3583 proposuit
1265 3504 1388 3576 (nesea.

240 3604 309 3663 Lac
331 3606 351 3663 I
363 3624 397 3681 p.
417 3604 587 3679 39Iqu.):

337 3704 422 3763 Vitae
457 3722 480 3763 c.
511 3704 551 3763 65
591 3696 670 3763 ’Aac'
710 3704 787 3773 ἴσως
825 3700 864 3761 τα
903 3698 983 3761 κατὰ
1021 3708 1087 3761 τῶν
1114 3694 1388 3781 Ἱεροσολυμιτῶν

240 3796 430 3881 πραχθέντα
459 3794 523 3881 μετ’
555 3796 721 3881 ἀκριβείας
750 3798 864 3879 φήσεις
899 3794 1182 3880 συγγεγραφέναι·
1227 3792 1283 3857 καὶ
1317 3806 1388 3871 πῶς

240 3888 312 3959 οἷόν
333 3918 379 3981 τε,
401 3894 553 3981 οὔτεγὰρ
570 3894 700 3981 πολέμου
715 3894 895 3979 παρέτυχες
912 3896 989 3959 οὔτε
1003 3894 1043 3957 voi
1057 3898 1225 3977 Καίσαρος
1239 3890 1388 3974 ἀνέγνως

241 3992 469 4077 ὑπομνήματα.
525 3992 679 4077 μέγιστον
717 3990 753 4057 δὲ
785 3996 976 4077 τεκμήριον,
1015 4002 1085 4069 τοῖς
1121 3994 1184 4076 γὰρ
1218 3995 1388 4075 Καίσαρος

240 4092 473 4175 ὑπομνήμασιν
497 4092 651 4157 ἐναντίαν
672 4096 848 4173 πεποίησαι
870 4094 932 4174 τὴν
956 4095 1106 4175 γραφήν·
1144 4094 1174 4155 εἰ
1193 4091 1229 4155 δὲ
1248 4098 1388 4174 θαρρεῖς

240 4190 376 4275 ἄμεινον
397 4190 550 4255 ἁπάντων
570 4188 848 4275 συγγεγραφέναι,
867 4192 922 4255 διὰ
936 4192 971 4255 τί
983 4192 1113 4269 ζώντων
1131 4188 1388 4255 Οὐεσπασιανοῦ

240 4286 294 4353 καὶ
328 4290 425 4353 Τίτου
455 4302 522 4353 τῶν
549 4290 800 4375 αὐτοκρατόρων
830 4300 897 4353 τῶν
923 4290 983 4353 τὸν
1012 4290 1156 4371 πόλεμον
1186 4303 1388 4371 κατεργασα-

239 4386 358 4473 μένων,
378 4386 431 4453 καὶ
453 4386 612 4469 βασιλέως
624 4386 786 4473 Ἀγρίππα
804 4390 977 4473 περιόντος
991 4384 1038 4451 ἔτι
1053 4387 1108 4451 καὶ
1128 4398 1196 4449 τῶν
1214 4383 1250 4449 ἐκ
1269 4382 1389 4467 γένους
