3234 4950
278 372 319 435 56
639 372 887 429 IMPERATORIS
908 376 1064 431 AVGVSTI

277 540 488 601 immortalium
511 546 632 603 numina
659 552 819 623 receptam,
849 550 1049 625 quatiamine
1073 550 1103 609 id
1125 550 1242 628 insigne
1268 552 1425 611 simulacre

278 640 381 715 rapitis
408 642 481 717 elus,
504 640 581 717 quod
607 660 672 699 max
696 644 728 703 iu
750 644 814 703 furo
840 648 1090 725 consecrauimus
1112 648 1259 709 adiectum
1284 648 1349 711 est'.

204 736 249 811 344.
368 734 400 799 5.
427 738 512 797 Seru.
535 748 641 799 auctus
667 744 710 801 ud
735 744 819 819 Verp.
841 746 908 805 buc.
926 746 956 819 9,
976 748 1020 805 46
1047 744 1120 807 Cum
1144 747 1293 825 Augustus
1317 750 1425 809 Caesar

207 824 256 873 710
278 834 363 897 ludus
395 834 537 897 funebres
568 840 645 915 pratri
676 840 854 921 celebraret,
883 844 929 903 die
958 846 1054 903 medic
1084 846 1167 907 stella
1196 850 1345 925 apparuit:
1375 850 1424 909 ille

279 954 343 993 eam
375 952 441 993 esse
475 936 661 995 confirmauit
691 942 824 1015 parentis
858 944 913 1001 sui.
931 978 974 983 —-
994 978 1036 985 a
1059 942 1186 1005 Baebius
1220 944 1318 1005 Macer
1347 948 1454 1007 circas

278 1034 378 1093 buram
405 1038 539 1095 octauam
562 1034 676 1095 stellam
701 1038 921 1119 amplissimam,
944 1046 1031 1119 quasi
1052 1042 1214 1119 lemniscis
1231 1043 1323 1105 radiis
1343 1064 1424 1105 οοιο-

278 1138 375 1191 natam
396 1138 490 1191 ortam
510 1134 589 1193 dicit.
621 1152 709 1211 quam
729 1136 850 1215 qnidam
867 1140 906 1199 ad
922 1139 1127 1201 illustrandam
1148 1143 1272 1219 gloriam
1290 1140 1425 1203 Caesaris

277 1232 394 1299 iuuenis
420 1232 567 1309 pertinere
595 1234 807 1317 existimabant,
832 1242 897 1317 ipse
920 1242 1047 1299 animam
1068 1242 1162 1318 patris
1180 1242 1228 1299 sui
1246 1260 1311 1300 esse
1332 1241 1426 1301 uoluit

278 1346 364 1421 elque
386 1346 418 1403 in
441 1344 584 1425 Capitulio
609 1348 735 1401 statuam
759 1357 851 1419 super
872 1348 962 1417 caput
984 1356 1105 1399 auream
1128 1338 1243 1399 stellam
1268 1338 1424 1401 habentem

276 1446 382 1521 posuit.
418 1446 595 1521 inscriptum
613 1444 644 1501 in
663 1440 728 1501 basi
750 1440 818 1499 luit:
845 1434 998 1517 ‘Kalauria
1025 1432 1152 1521 ἡμιθέςο
1161 1434 1174 1497 ⁷.
1210 1438 1262 1497 sed
1275 1438 1424 1499 Vulcatius
1442 1457 1468 1495 10

279 1560 404 1623 aruspex
432 1544 463 1599 in
492 1544 627 1601 contione
659 1540 730 1599 dixit
758 1547 896 1599 cometen
922 1554 1001 1613 csse,
1030 1538 1082 1615 qui
1108 1538 1291 1613 significaret
1314 1538 1425 1599 exitum

277 1644 349 1701 trani
376 1640 486 1701 saeculi
515 1648 545 1701 et
570 1642 738 1717 ingressum
769 1636 883 1695 decimi.
921 1636 974 1695 sed
1002 1634 1082 1714 quud
1104 1638 1208 1695 inuitis
1231 1635 1288 1695 diis
1311 1645 1426 1695 secreta

279 1758 377 1801 rerum
406 1740 624 1819 pronuntiaret,
655 1740 751 1797 statim
782 1754 812 1795 se
837 1752 903 1795 csse
925 1734 1112 1811 moriturum,
1137 1743 1166 1793 et
1188 1734 1321 1793 nundum
1345 1734 1426 1795 finita

278 1842 410 1899 aratione
437 1838 469 1895 in
496 1840 560 1917 ipsa
586 1838 722 1895 cantione
750 1832 888 1893 concidit.
924 1830 981 1893 boc
1011 1834 1100 1893 etiam
1121 1832 1273 1911 Augustus
1295 1834 1327 1893 in
1349 1830 1424 1893 libro

279 1934 409 1997 secundo
434 1934 470 1995 de
493 1938 634 1995 mummia
659 1936 736 1995 uitae
762 1950 834 1993 suae
856 1931 1028 2008 complexus
1050 1939 1103 1989 est.
1440 1948 1466 1987 ιι

204 2042 258 2121 {4-
367 2030 401 2095 6.
431 2034 508 2095 Pur.
531 2034 612 2095 Deru.
633 2042 661 2093 et
689 2034 748 2093 Cic.
771 2029 938 2107 compur.3
967 2022 1013 2088 Ἡ
1031 2022 1094 2107 μὲν
1115 2020 1177 2089 οὖν
1203 2024 1238 2089 ἐν
1262 2032 1305 2111 τῷ
1327 2028 1426 2109 δημη-

207 2130 256 2179 710
279 2142 392 2215 papatu
422 2128 476 2193 aut
503 2130 739 2193 πολιτεύεσθαι
766 2126 907 2207 δύναμις
928 2124 1058 2206 ὁμαλῶς
1083 2123 1282 2208 ἀμφοτέροις
1305 2128 1424 2205 [Demo-

277 2232 375 2293 rtlreru'
406 2240 433 2291 et
468 2230 619 2307 dicerunt]
650 2224 807 2309 ὑπῆρξεν,
838 2226 920 2289 ὥστε
947 2220 1002 2285 καὶ
1030 2226 1108 2297 τοὺς
1137 2234 1205 2287 τῶν
1231 2222 1343 2287 ὅπλων
1370 2222 1426 2287 καὶ

279 2322 511 2409 στρατοπέδων
535 2328 672 2409 κυρίους
697 2328 842 2405 δεῖσθαι,
863 2320 1106 2405 Λημοσθένους
1131 2322 1193 2403 μὲν
1217 2322 1349 2403 Χάρητα
1371 2322 1425 2385 καὶ

278 2426 469 2506 Διοπείθην
504 2422 559 2488 nui
599 2422 816 2506 Λεωσθένην,
855 2418 1044 2505 Κικέρωνος
1084 2420 1119 2486 δὲ
1157 2422 1336 2503 Πομπήιον
1371 2418 1424 2484 καὶ
1441 2439 1467 2480 νο

280 2527 430 2606 Καίσαρα
459 2527 517 2588 τὸν
544 2521 631 2604 νέον,
662 2521 706 2596 ὡς
729 2519 867 2596 abebat
893 2523 1024 2602 Καῖσαρ
1046 2517 1086 2584 ἐν
1106 2528 1175 2594 τοῖς
1199 2521 1281 2601 πρὸς
1297 2515 1424 2602 Ἀγρίπ-

279 2643 345 2686 παν
367 2623 421 2686 καὶ
445 2623 623 2704 Μαικήναν
649 2621 883 2704 ὑπομνήμασιν
907 2625 1044 2703 εἴρηκεν.

205 2721 257 2800 ,ἐξ
371 2717 404 2786 7.
429 2725 507 2784 Plut.
534 2725 592 2782 Cic.
612 2725 655 2782 45
693 2717 779 2782 'Euat
813 2717 842 2782 δ’
861 2717 1034 2794 Ἀντώνιος
1059 2713 1121 2800 μὲν
1148 2719 1277 2799 ἥττητο,
1301 2727 1369 2780 τῶν
1393 2713 1420 2779 θ’

208 2813 255 2860 711
277 2819 412 2884 ὑπάτων
435 2815 631 2902 ἀμφοτέρων
653 2817 897 2882 ἀποθανόντων
914 2817 951 2880 ἐπ
969 2825 1027 2900 τῆς
1043 2817 1149 2899 μάχης
1169 2815 1254 2896 πρὸς
1275 2817 1426 2898 Καίσαρα

279 2917 484 3000 συνέστησαν
508 2917 544 2980 nt
565 2917 733 2998 δυνάμεις,
758 2917 896 2980 δείσασα
914 2913 944 2978 δ’
967 2915 986 2997 ἡ
1011 2916 1115 2998 βουλὴ
1140 2912 1218 2976 νέον
1242 2913 1348 2997 ἄνδρα
1370 2912 1425 2976 καὶ
1441 2933 1466 2970 aa

277 3045 356 3052 »mm-u...
361 3043 507 3050 ——-—-——==-.-

366 3109 396 3164 4.
417 3109 445 3162 ὅ.
476 3111 525 3164 Ea
542 3111 667 3180 Ανμνοιο
690 3111 763 3166 Suet.
782 3109 854 3164 Ucres.
871 3115 923 3162 88:
948 3108 977 3160 in
1002 3109 1116 3160 deorum
1145 3123 1291 3160 numerum
1319 3105 1425 3160 relatus

278 3185 333 3250 est,
355 3199 413 3234 uon
437 3199 483 3236 ore
501 3181 586 3234 modo
607 3181 820 3234 ¹decernentium
839 3181 934 3234 sedet
953 3179 1135 3248 persuasione
1152 3177 1237 3248 uolgi.
1269 3177 1292 3230 si
1311 3179 1425 3248 quidem

277 3253 363 3322 ludis,
384 3269 454 3322 quos
474 3255 577 3322 primos
602 3255 763 3306 consecrato
783 3253 807 3306 ei
828 3253 909 3306 heres
927 3253 1072 3320 Augustus
1091 3250 1203 3316 edebat,
1221 3249 1304 3303 stella
1324 3251 1425 3304 crinita

277 3343 326 3394 per
351 3331 459 3394 septem
483 3325 628 3378 continuos
655 3323 715 3378 dies
736 3325 832 3393 fulsit!
854 3324 981 3378 exoriens
1012 3323 1086 3376 circa
1112 3321 1289 3376 undecimam
1318 3323 1424 3387 heram,

279 3397 471 3464 creditumque
495 3397 539 3448 est
557 3397 679 3448 animam
701 3413 760 3450 esse
784 3396 911 3450 Caesaris
933 3396 963 3448 in
986 3395 1094 3448 caelum
1117 3393 1235 3462 recepti3
1263 3396 1289 3448 et
1312 3395 1366 3446 hac
1391 3395 1424 3446 de

279 3485 362 3522 causa
381 3469 533 3520 simulacro
553 3467 612 3520 eius
632 3469 661 3520 in
685 3469 790 3522 uertice
816 3467 929 3520 additur
954 3465 1043 3520 stella.
1076 3467 1115 3532 cf.
1132 3467 1231 3520 Serrana
1251 3473 1307 3520 aaut.
1324 3471 1424 3534 palaest.

284 3541 344 3592 VH
358 3543 403 3594 17.
431 3541 505 3594 Plut.
525 3541 598 3594 Caes.
613 3545 656 3592 69.
679 3541 738 3594 Diu
754 3541 883 3604 XLV7,
893 3545 916 3592 1.
949 3539 1039 3608 Obseq.
1056 3543 1094 3592 68
1115 3537 1191 3590 ludis
1209 3537 1322 3590 Veneris
1336 3535 1425 3590 Gene-

277 3611 363 3676 tricis,
382 3629 453 3680 qnos
472 3629 523 3682 pru
542 3611 661 3682 collegio
680 3611 756 3676 fecit,
777 3611 860 3664 stella
879 3613 949 3664 hera
966 3608 1115 3664 undecima
1132 3609 1232 3662 crinita
1248 3609 1298 3661 sub
1315 3609 1425 3676 septen-

278 3681 375 3736 trionis
404 3683 491 3736 sidere
519 3685 613 3736 exorta
634 3683 775 3736 conuertit
796 3683 920 3736 omnium
942 3680 1043 3736 oculos.
1074 3681 1149 3750 quod
1167 3681 1245 3734 sidus
1266 3681 1332 3748 quia
1348 3679 1424 3732 ludia

278 3753 394 3808 Veneris
414 3755 551 3822 apparuit,
573 3755 639 3808 diuo
655 3755 724 3808 lulio
744 3753 854 3824 insigne
875 3753 976 3821 eapitis
1001 3753 1157 3808 consecrari
1175 3751 1291 3820 placuit.
1323 3753 1425 3808 Gardt-

278 3827 379 3880 bnuseu
396 3827 538 3896 Accusatus
551 3829 590 3880 H
602 3833 615 3880 1
627 3845 657 3896 p.
669 3829 705 3880 94
714 3845 749 3894 οη.
777 3829 842 3894 Ipse
854 3829 889 3880 de
902 3843 934 3880 eu
948 3843 976 3880 re
989 3829 1032 3896 epi
1044 3842 1112 3879 utus.
1124 3825 1210 3879 Rhea.
1219 3829 1256 3878 57
1268 3841 1294 3892 p.
1305 3829 1360 3879 243
1370 3841 1423 3892 sqq.

366 4007 402 4090 ὂ,
428 4015 456 4070 6.
481 4015 567 4088 quasi
595 4015 752 4082 lemniscis
782 4015 873 4074 radiis
898 4015 946 4072 uel
967 4015 1055 4089 quasi
1080 4015 1227 4072 lemniscis
1253 4013 1301 4070 uel
1324 4015 1424 4070 fasciis

280 4105 362 4162 Tullo
384 4105 472 4178 quasi
488 4103 630 4162 lemnicas
651 4107 740 4162 caetis
761 4105 883 4162 Lenaea.
903 4103 988 4178 quasi
1007 4105 1190 4162 lemniscatis
1207 4105 1319 4162 Daniel
1337 4103 1425 4176 quasi

278 4195 367 4252 radiis
399 4195 579 4252 lemniscatis
602 4195 744 4252 Heinsius
776 4197 861 4270 quasi
889 4195 1036 4252 lemniscis
1061 4195 1229 4252 illustratus
1329 4193 1356 4248 8.
1381 4193 1424 4246 in·

279 4285 361 4342 uenis
387 4283 506 4342 Lamon.
605 4285 654 4342 10.
678 4283 836 4342 Vulcatius
857 4285 1027 4342 Mescinius
1049 4285 1208 4341 nulcanius
1231 4283 1313 4340 Lau.

281 4371 329 4430 15.
354 4371 390 4428 de
413 4375 553 4430 memoria
582 4371 775 4432 Coruureb'uus
798 4373 895 4432 moria
915 4366 1015 4432 Lem}
1035 4375 1181 4432 memoria
1204 4362 1300 4428 Lem.2
