3234 4950
530 338 555 391 0,
575 338 716 393 DRVSVS
735 372 770 379 --
788 338 944 393 BAEBIVS
963 338 1089 394 ΜΑΟΕΗΙ
1343 342 1384 403 71

233 514 264 565 et
283 506 427 585 aequitate
450 506 652 567 membrorum
671 507 868 584 occuleretur,
888 514 919 565 ut
945 524 1005 567 nort
1026 508 1086 567 nisi
1109 526 1146 567 ex
1164 512 1386 587 comparatione

233 606 356 665 astantis
382 604 506 665 alicuius
530 608 711 683 procerioris
733 606 868 681 intellegi
892 612 1000 683 posset.

678 812 715 881 C
746 808 928 883 nuituis

324 966 353 1031 1.
380 974 460 1031 Suet.
475 974 552 1047 Arrp.
570 972 612 1031 94
638 974 733 1033 lnlans
760 972 853 1031 adimo
875 970 1069 1049 [Aupustus],
1091 979 1125 1031 ut
1144 974 1287 1049 scriptum
1308 974 1387 1051 apud

233 1068 263 1127 C.
288 1068 415 1127 Drusum
446 1076 547 1147 exstat,
579 1072 725 1149 repositus
760 1088 888 1151 uespere
918 1070 952 1127 in
979 1088 1073 1129 cunas
1099 1088 1115 1127 a
1144 1070 1290 1129 nutricula
1321 1070 1386 1131 loco

205 1168 333 1247 aplano,
359 1172 479 1245 postera
508 1168 573 1229 luce
602 1186 660 1227 non
691 1170 855 1247 comperuit
886 1168 994 1247 diuque
1023 1170 1174 1247 quaesitus
1203 1168 1323 1229 tandem
1352 1172 1385 1229 in

232 1264 375 1325 altissima
400 1268 476 1325 turri
501 1274 639 1343 repertus
662 1274 708 1325 est
730 1268 833 1325 iacens
855 1273 959 1325 contra
983 1266 1052 1325 solis
1079 1274 1222 1325 exortum.

557 1470 716 1543 IVLIVS
745 1470 1054 1545 SATVRNINVS

324 1628 354 1693 l.
380 1634 462 1691 Suet.
476 1634 553 1707 Areo.
570 1632 613 1691 27
647 1632 736 1692 lulius
759 1632 938 1691 Saturninus
961 1632 1019 1691 hoc
1040 1632 1168 1709 emplius
1193 1634 1289 1709 tradit,
1316 1652 1384 1691 eum
1401 1594 1456 1731 ,4131

230 1738 350 1807 peracta
372 1732 591 1809 proscriptione
613 1730 651 1789 Μ.
671 1730 799 1809 Lepidus
832 1732 862 1787 in
893 1737 997 1789 senatu
1026 1736 1198 1789 excusasset
1220 1732 1385 1807 praeterita

230 1836 261 1887 et
284 1848 365 1907 spem
392 1828 566 1889 clementiae
590 1830 620 1887 in
645 1836 797 1907 posterum
818 1828 947 1906 iecisset,
966 1829 1105 1906 quoniam
1130 1830 1202 1889 satis
1218 1846 1385 1907 poenarum
1464 1883 1469 1895 ,

188 1914 364 1989 roexactum
392 1934 477 2007 esset,
501 1928 582 1987 hunc
605 1926 801 2003 [repostum]
830 1946 844 1985 e
869 1926 988 1985 diuerso
1012 1926 1178 2004 professum
1203 1928 1243 1985 ita
1262 1926 1384 1985 modum

230 2042 261 2083 se
286 2024 492 2103 proscribendi
518 2026 664 2105 statuisse,
688 2032 721 2085 ut
744 2030 843 2085 omnia
866 2024 924 2083 sibi
950 2023 1104 2102 reliquerit
1128 2022 1228 2083 libere.

601 2240 826 2323 novitiis
852 2236 1008 2309 NIGER

1408 2378 1444 2425 43

318 2396 349 2465 1.
374 2402 605 2480 Suet.s1up.11
632 2402 694 2461 Hoc
717 2400 793 2461 bello
816 2398 1011 2478 [Mutinensi]
1031 2418 1098 2459 cum
1116 2400 1231 2459 Hirtius
1256 2402 1286 2459 in
1308 2404 1382 2482 acie,
1405 2450 1451 2457 ,ἡ

227 2501 322 2562 Pansa
345 2503 430 2580 paulo
457 2511 523 2580 post
545 2519 583 2562 ex
605 2499 729 2562 uulnere
761 2503 920 2580 perissent,
952 2517 1054 2558 rumor
1082 2499 1249 2560 increbruit
1278 2501 1382 2560 ambos
1439 2470 1452 2518 ¹

227 2617 316 2678 opera
341 2603 406 2660 eius
430 2599 589 2676 [stuprasti]
614 2601 740 2676 occisos,
766 2605 798 2658 ut
822 2597 949 2658 Antonio
972 2597 1081 2676 fugato,
1103 2617 1138 2658 re
1160 2617 1189 2676 p.
1210 2599 1382 2659 consulibus

185 2717 213 2756 aa
228 2697 330 2758 orbata
358 2699 438 2760 solus
467 2701 597 2760 uictores
627 2699 776 2758 exercitus
804 2703 973 2774 occuparet.
1016 2697 1128 2756 Pansae
1155 2697 1276 2774 quidem
1308 2697 1382 2758 adeo

227 2805 364 2876 suspecta
396 2817 476 2856 mors
500 2799 564 2874 init,
589 2807 621 2856 ut
646 2795 732 2874 Glyco
762 2793 899 2856 medicus
920 2793 1087 2854 custoditus
1110 2797 1157 2872 sit,
1183 2798 1268 2874 quasi
1289 2815 1381 2856 uene-

227 2913 297 2954 num
322 2895 440 2956 uulneri
464 2895 628 2964 indidisset.
666 2895 757 2954 adicit
779 2895 829 2952 his
850 2892 985 2971 Aquilius
1006 2891 1096 2970 Niger
1120 2893 1246 2952 alterum
1271 2913 1286 2952 e
1312 2913 1381 2954 con-

227 2993 341 3054 sulibus
362 2993 493 3054 Hirtium
518 2997 547 3052 in
573 3009 687 3072 pugnae
713 2991 841 3052 tumultu
865 2991 989 3068 abipso
1015 2993 1236 3070 interemptum.

600 3207 804 3278 Bnnssrvs
839 3203 1005 3276 Macula

315 3363 346 3432 1.
379 3371 466 3430 Seru.
485 3375 594 3430 auctus
618 3369 661 3430 acl
680 3369 768 3444 Verp.
788 3369 842 3428 ecl.
861 3367 893 3442 9,
906 3367 952 3426 47
983 3364 1058 3426 Cum
1087 3365 1238 3444 Augustus
1269 3366 1379 3428 Caesar
1397 3344 1452 3422 ἕ

183 3495 210 3534 ao
225 3469 309 3528 ludos
339 3465 478 3528 funebres
507 3471 586 3546 patri
613 3465 791 3544 celebraret,
824 3465 870 3522 die
898 3463 997 3526 medio
1026 3465 1110 3524 stelle
1141 3468 1284 3544 apperuit
1327 3465 1378 3528 illc
1416 3435 1449 3480 11

225 3585 290 3628 eam
319 3585 384 3628 esse
413 3567 600 3626 confirmauit
629 3567 722 3644 petris
752 3567 806 3624 sui.
828 3561 1018 3624 —Baebius
1040 3561 1142 3624 Macer
1166 3567 1247 3624 eirea
1274 3565 1379 3624 horem

224 3673 358 3726 octauam
389 3665 504 3726 stellam
533 3663 759 3744 amplissimam,
785 3663 870 3740 quasi
897 3661 1063 3736 lemniscis,
1091 3661 1183 3720 radiis
1208 3672 1378 3722 coronatam

224 3791 253 3796 ψ-
256 3789 457 3796 ..afflm-...u—--ffi

313 3857 344 3928 1,
355 3861 397 3910 12.
419 3855 460 3922 Of.
471 3855 542 3924 App.
554 3855 579 3908 b.
591 3869 610 3906 c.
622 3853 677 3906 ΙΙΙ
691 3857 723 3906 71
737 3849 841 3920 Ἵρτιος
853 3849 886 3906 δὲ
901 3851 950 3904 καὶ
964 3849 992 3912 ἐς
1006 3850 1036 3904 τὸ
1052 3849 1246 3918 στρατόπεδον
1261 3849 1377 3920 ἐνήλατο

223 3937 273 3982 τοῦ
292 3923 440 3982 Ἀντωνίου
465 3927 513 3978 καὶ
537 3925 600 3992 περὶ
623 3923 673 3994 τὴν
700 3921 868 3994 στρατηγίδα
894 3921 1000 3990 σκηνὴν
1025 3919 1182 3992 μαχόμενος
1205 3921 1290 3978 ἔπεσε.
1328 3925 1378 3978 καὶ

224 3999 309 4126 stirpat
335 3999 363 4052 τό
389 4017 416 4052 τε
440 4007 518 4066 σῶμα
541 3995 554 4050 ὁ
581 3999 690 4064 Καῖσαρ
716 3994 861 4064 ἐσδραμὼν
887 3993 1011 4048 ἀνείλετο
1032 3994 1083 4047 καὶ
1108 4002 1158 4048 τοῦ
1187 3993 1378 4062 στρατοπέδου

223 4091 276 4126 aar
291 4087 363 4140 σχεν,

313 4232 346 4320 l,
362 4243 390 4300 3.
406 4239 484 4314 apud
501 4239 657 4298 Caesarem
671 4237 801 4296 Drusum
818 4235 946 4296 Mueller
959 4252 1007 4308 op.
1018 4233 1378 4308 Boumpertec·Orus-tarue-

312 4323 345 4408 l,
362 4329 498 4388 7.1unus
521 4329 638 4388 Memor.
661 4325 766 4386 Iunius
784 4327 863 4399 uulp.
