3234 4950
550 351 581 408 L.
600 351 774 408 ANNAEVS
794 349 937 410 SENECA
1173 373 1320 422 cxxvrm

171 531 272 594 statim
301 527 422 598 putten
449 527 654 600 petulantiam
692 529 818 598 dioptrae
854 529 1045 600 obtorpuisse,
1087 533 1220 586 ceterum
1249 531 1321 600 post

167 643 286 710 ptr-neos
305 625 369 682 tiles
388 627 546 700 scripsisse
565 627 695 695 senatui,
718 632 753 682 ut
771 625 809 682 tie
822 641 925 698 poeno
947 625 1064 682 Potoni
1082 641 1170 698 ponne
1184 627 1319 700 primunr

171 729 326 790 statueret.
368 727 435 780 ante
462 720 516 778 hos
535 720 734 790 Quintilianus
756 721 866 780 dictum
888 723 950 780 eius
970 721 1086 798 aliquod
1105 721 1241 800 inseruit,
1261 739 1319 800 quo

174 828 209 886 de
231 818 362 880 Sallustii
388 817 524 898 Liuiique
546 819 671 880 historia
695 819 839 880 iudiciuin
858 821 914 880 i'ert
941 821 993 896 (fr.
1012 821 1053 892 i).
1091 823 1181 890 eiiam
1204 819 1319 880 Plinius

173 923 266 984 maior
288 919 367 976 huuc
393 917 551 976 Seruilium
583 919 613 976 in
645 919 771 978 naturali
797 919 921 976 historia
950 919 1107 996 praecipuo
1138 917 1234 978 studio
1260 937 1319 978 'cnra

171 1021 274 1102 plexus
301 1023 359 1094 est,
389 1035 448 1076 non
477 1015 574 1076 solum
600 1019 768 1096 principem
795 1019 899 1076 aetatis
925 1035 993 1078 eum
1023 1015 1124 1078 diceus
1153 1015 1319 1076 sedetiam

174 1119 228 1180 alia
252 1115 287 1174 de
312 1117 386 1194 ipso,
405 1133 493 1192 quem
519 1134 549 1174 se
576 1113 726 1176 consulem
751 1115 862 1174 uidisse
883 1115 1032 1194 praedicat
1058 1117 1123 1192 (37,
1142 1115 1208 1194 81),
1234 1123 1263 1174 et
1282 1115 1318 1174 de

172 1219 233 1278 eius
259 1213 367 1274 familia
393 1213 528 1292 atterens,
551 1233 626 1293 0000
648 1213 728 1272 locos
755 1217 779 1274 si
802 1221 885 1274 recte
908 1213 1047 1274 liuenzer
1071 1235 1096 1294 p.
1118 1209 1183 1274 403
1195 1233 1258 1292 sqq.
1282 1233 1319 1272 ex

172 1319 233 1378 eius
258 1311 413 1372 annalibus
437 1313 566 1392 repetiit,
590 1315 634 1372 eis
657 1315 746 1372 etium
771 1311 805 1372 de
825 1311 1091 1392 proscriptionibus
1118 1319 1214 1372 auium
1235 1307 1318 1396 eslf)

172 1411 242 1474 illud
271 1420 368 1470 tamen
398 1419 426 1470 et
456 1411 490 1470 de
520 1411 576 1470 hoc
603 1421 634 1472 et
660 1409 697 1468 de
719 1411 835 1470 Aufidio
863 1413 1012 1472 incertum
1039 1419 1150 1490 manet,
1181 1411 1234 1470 suh
1261 1429 1319 1490 quo

171 1517 353 1590 imperatore
376 1509 469 1570 libros
492 1529 563 1570 suos
587 1507 725 1587 ediderit,
756 1529 842 1588 quem
871 1511 962 1588 igitur
986 1513 1099 1570 recenti
1129 1507 1194 1570 odio
1216 1529 1319 1588 perse·

99 1642 101 1645 ·
172 1618 266 1690 tutuo,
284 1627 373 1688 quern
398 1607 533 1668 adulatus
557 1611 602 1668 sit.
642 1627 698 1666 nee
719 1609 765 1668 ira
782 1627 839 1668 nee
863 1609 929 1668 odio
955 1629 1005 1670 eos
1027 1627 1149 1670 uacasse
1169 1627 1205 1668 ex
1223 1609 1319 1668 Taciti

171 1709 279 1770 iudicio
303 1714 426 1768 constat.

488 2183 529 2254 L.
546 2183 778 2256 Anninus
806 2183 993 2256 SENECA

215 2329 315 2399 (Natus
335 2327 421 2399 dsi5l,
441 2329 471 2381 in
489 2329 605 2382 exilium
624 2347 642 2384 a
659 2329 812 2384 Messalina
831 2329 932 2382 missus
953 2347 974 2384 a.
992 2335 1034 2396 41,
1056 2329 1090 2382 ab
1109 2329 1268 2398 Agrippina

257 2412 406 2464 reuocatus
423 2417 467 2479 49,
485 2413 599 2479 praetor
618 2418 660 2478 49,
681 2427 734 2464 eos.
752 2411 885 2464 suffectus
904 2417 947 2479 tl,
966 2413 1091 2464 inortuus
1111 2409 1226 2483 toltit)

258 2570 348 2631 Multa
370 2570 538 2631 litterarum
561 2589 669 2651 genera
690 2570 847 2631 scribendo
866 2570 914 2631 hic
935 2572 1037 2649 attigit,
1054 2570 1236 2635 ,historicum
1258 2570 1317 2631 sola

170 2672 262 2747 patris
288 2672 362 2747 uita,
395 2672 479 2729 cuius
508 2672 626 2729 initium
654 2671 684 2728 in
708 2670 899 2749 palimpsesto
923 2668 1214 2729 Vaticano-Palatino
1240 2688 1316 2729 saec.

170 2768 193 2825 V
215 2768 264 2828 uel
287 2768 336 2847 vl,
363 2788 420 2848 quo
446 2768 508 2829 solo
531 2770 596 2827 eius
618 2770 763 2829 memoria
784 2770 962 2847 continetur,
987 2786 1056 2827 casu
1082 2776 1232 2829 seruatum
1257 2770 1317 2847 pri-

170 2886 250 2927 mum
279 2888 294 2927 a
318 2866 479 2927 Niebuhrio
511 2868 626 2939 (Cicer.
651 2876 727 2927 oroi.
745 2886 807 2945 pro
834 2868 874 2927 ll.
900 2870 1025 2927 Fonteio
1055 2876 1084 2927 et
1098 2884 1160 2943 pro
1187 2868 1318 2929 Rabirio

168 2966 280 3041 froom.
307 2970 353 3027 ed.
383 2968 500 3027 liuntur
528 2966 615 3025 isio
637 2984 670 3043 p.
692 2966 771 3041 103)
804 2965 931 3045 editum,
965 2973 1032 3045 post
1066 2986 1081 3025 a
1114 2966 1318 3027 Studemuudo

171 3062 266 3125 denuo
300 3064 412 3125 lectum
450 3074 479 3125 et
517 3065 593 3143 aliud
630 3064 844 3125 Rossbachium
880 3062 936 3125 ‘lle
970 3066 1103 3125 Seueeoe
1129 3066 1205 3143 plui.
1230 3068 1319 3125 libris

170 3170 337 3225 recenset
362 3159 487 3225 emend?
516 3164 624 3237 (Bresl.
646 3164 719 3241 ptri.
744 3162 1003 3237 1000000110)
1026 3182 1055 3239 p.
1072 3182 1205 3239 rrrrrsq.
1228 3164 1317 3223 itera-

170 3266 232 3321 tum
261 3269 314 3323 est.
360 3264 469 3340 pietate
497 3280 530 3321 se
557 3264 714 3321 incensum
740 3270 856 3341 patrem
886 3266 995 3341 optime
1026 3260 1061 3321 de
1090 3262 1217 3323 filiorum
1249 3262 1318 3323 edu·

171 3362 284 3421 catione
300 3362 443 3419 meritum
462 3362 493 3419 in
513 3363 638 3421 summis
657 3362 852 3437 scriptoribus
874 3378 1045 3421 numerasse
1067 3362 1131 3439 ipse
1150 3362 1317 3441 confitetur,

170 3458 223 3517 sed
253 3478 310 3539 quo
345 3460 443 3519 aninio
475 3476 524 3519 res
555 3458 689 3537 publicas
722 3462 909 3537 tractauerit,
945 3478 980 3519 ue
1015 3460 1157 3539 suspicari
1197 3460 1317 3537 quidem

170 3572 336 3635 possumuS,
355 3576 422 3617 curn
442 3578 500 3637 quo
516 3566 650 3637 tempore
663 3560 819 3635 scripserit
834 3560 1010 3618 nesciamus
1034 3560 1222 3637 imperatoris
1238 3578 1316 3617 mor-

169 3656 213 3713 tui
234 3656 397 3717 memoriae
418 3656 515 3717 filiurn
533 3656 653 3735 quidem
670 3675 731 3716 non
750 3650 920 3737 pepercisse
948 3656 1198 3737 apocolocyutosis
1222 3656 1316 3719 docet.

170 3802 409 3815 Ἣῃ--ή-

258 3904 284 3971 1)
302 3898 402 3953 Muitis
420 3900 517 3955 arrisit
530 3900 695 3955 Buecheleri
714 3900 874 3953 coniectura,
890 3902 933 3965 (tn.
950 3902 1001 3953 Rh.
1018 3906 1059 3965 tt,
1076 3904 1146 3971 tta),
1161 3900 1211 3967 qni
1224 3900 1318 3955 locum

170 3974 288 4034 Charisii
306 3986 344 4049 (p.
360 3987 420 4049 145,
435 3986 481 4053 29)
510 4000 527 4035 a
548 3998 579 4035 se
601 3982 782 4035 emendatum
801 3982 911 4035 ‘Turres
930 3984 1010 4049 (tores
1029 3980 1098 4049 eod.)
1119 3980 1263 4047 Seruilius,
1285 3988 1318 4035 ot

170 4060 249 4115 etiarn
268 4064 311 4115 ut
330 4064 538 4133 Pomponianus
559 4070 652 4131 notat,
671 4062 796 4115 Ν000000
821 4062 927 4115 torees''
950 4060 1118 4131 (10000000.)
1136 4078 1187 4129 pro
1211 4066 1318 4129 torques

171 4137 206 4189 ad
228 4142 302 4196 hune
328 4142 488 4197 Nonianum
512 4142 635 4212 rettulit,
658 4142 764 4195 rectius
785 4147 882 4195 tamen
907 4142 943 4195 od
963 4144 1100 4195 oratorem
1120 4142 1149 4195 P.
1165 4140 1317 4195 Seruilium

171 4214 337 4289 Caepionem
358 4224 494 4291 pertinet,
523 4224 572 4291 qui
596 4222 717 4293 abipso
740 4222 867 4277 Cha-risio
892 4242 916 4291 p.
935 4228 993 4289 193,
1012 4226 1050 4275 19.
1079 4226 1137 4289 196,
1154 4226 1175 4273 i.
1208 4226 1315 4289 12421

169 4296 284 4427 iustam
308 4304 395 4359 etiam
412 4304 454 4359 ul.
468 4304 676 4375 Pomponianus
701 4306 761 4359 crte
784 4304 905 4359 docendi
928 4302 1031 4371 floruit,
1055 4304 1088 4355 ut
1105 4304 1189 4357 docet
1209 4300 1234 4355 O.
1251 4302 1270 4357 l.
1285 4304 1316 4357 L.

192 4376 329 4439 [112391.

220 4490 281 4531 Hist.
294 4494 359 4533 Rom.
373 4495 414 4533 rel.
423 4496 457 4546 Π,
471 4494 504 4551 ed
516 4496 605 4535 Peter.
1025 4472 1102 4525 Vim
