3234 4950
608 373 810 430 CORNELIVS
829 373 946 430 NEPOS
1232 397 1351 442 xxxxi

204 555 270 616 eide
296 553 452 622 appareat,
479 553 610 620 petantur
629 545 729 620 ditarit
751 549 801 604 t'lle
820 549 879 604 teir.
917 547 1020 620 itaque
1039 550 1162 620 atripae
1178 551 1228 606 rei
1244 565 1354 606 accar-

203 667 277 724 raat,
299 649 442 720 quantam
460 649 603 720 potuero,
623 649 653 702 et
673 645 814 704 laedetur
834 661 904 702 eane
920 648 1057 704 satietati
1076 653 1137 704 tara
1158 649 1354 718 ignorantiae

203 753 358 812 tectorum.
401 745 500 820 itaque
536 743 606 802 satis
637 739 740 800 hahuit
772 741 844 802 uitis
875 743 937 800 suis
974 735 1106 824 (praeter
1138 741 1291 802 Cimonem
1322 753 1354 802 et

202 833 339 922 Dionem)
373 839 465 900 hreue
497 839 682 916 prooemium
716 841 798 898 uarie
830 841 1000 899 institutum
1034 841 1251 920 anteposuisse,
1289 849 1353 900 tum

203 945 296 1006 liltore
317 939 474 998 materiam
496 937 633 998 tractauit
660 937 735 1010 (aid.
756 937 816 998 Leo
836 942 855 998 l.
868 955 891 994 1.
905 955 937 1013 p.
953 939 1102 1014 202saq,
1124 943 1177 1000 ati
1192 944 1291 1014 plara
1314 943 1354 999 de

203 1047 259 1104 liat
280 1039 403 1114 caprile).
436 1055 504 1096 nam
524 1035 610 1096 modu
629 1053 678 1094 res
698 1035 735 1094 ah
752 1036 838 1094 initio
858 1053 952 1114 usque
977 1035 1012 1096 ad
1036 1046 1162 1096 mortem
1185 1045 1354 1116 temporum

204 1137 306 1200 (1111111
334 1143 509 1212 persecutus
541 1141 594 1210 111,
621 1135 653 1192 111
681 1131 744 1192 aliis
775 1135 936 1210 copiosiuS,
966 1137 996 1193 in
1022 1135 1087 1192 aliis
1109 1133 1240 1212 breuius,
1267 1135 1354 1194 modo

203 1257 250 1298 111
278 1233 355 1294 hello
383 1241 414 1294 et
439 1251 510 1310 pam
542 1231 590 1294 uel
613 1231 731 1310 puhlice
755 1239 786 1290 et
806 1232 947 1308 priuatim
973 1240 1069 1310 gestas
1097 1232 1241 1312 distinxit,
1267 1232 1354 1292 modo

161 1339 166 1348 '
203 1337 240 1396 ab
262 1351 320 1394 una
347 1331 441 1410 aliqua
468 1351 498 1390 re
523 1331 633 1408 insigni
659 1347 782 1390 exorsus
804 1331 899 1390 uitam
921 1347 1017 1408 usque
1045 1329 1082 1388 ad
1109 1331 1199 1390 11111111
1224 1329 1353 1408 deduxit,

203 1437 242 1492 ita
273 1439 306 1490 ul
334 1431 366 1488 in
393 1429 551 1490 Phocionis
579 1429 642 1488 uita
671 1445 730 1488 una
756 1429 925 1486 narratione
953 1429 1057 1488 mortis
1085 1436 1241 1501 eorrtentus
1267 1436 1354 1505 esset,
1447 1484 1451 1491 ,

203 1531 250 1590 1111
278 1527 339 1588 illic
368 1525 510 1604 quaedam
541 1527 574 1586 11
600 1525 760 1586 uirtutibus
791 1525 932 1586 adnotans
961 1545 1017 1586 nec
1049 1529 1186 1604 grauitati
1220 1530 1354 1588 uirorum

203 1645 361 1688 numerum
389 1643 533 1686 uersuum
560 1625 794 1690 arctorumodans,
831 1625 873 1684 De
897 1623 1101 1702 Epaminonda
1127 1633 1227 1684 autem
1255 1625 1354 1684 subito

204 1743 270 1786 eum
299 1723 521 1802 promittentem
554 1721 689 1782 audimus
720 1723 785 1798 (15,
805 1723 835 1798 t,
854 1723 909 1796 3).-
942 1725 1015 1784 Cant
1048 1732 1149 1784 natan
1180 1729 1355 1800 reprimere

202 1827 364 1898 arnaginem
388 1825 618 1882 eortsaetadinir
641 1829 732 1894 atque
755 1825 841 1882 uitae
863 1825 990 1897 aetianae
1013 1825 1253 1898 Epaminondae,
1277 1825 1356 1882 nitet

203 1923 343 1984 ae'dentar
365 1923 475 1980 dedere
490 1923 747 1996 praetermittere,
771 1921 854 1996 qaod
866 1925 1029 1996 pertineat
1046 1924 1172 1980 adeam
1191 1925 1353 1982 declaran-

204 2025 282 2096 dara,
306 2009 384 2098 quod
410 2019 531 2098 quidem
553 2019 584 2076 in
608 2017 745 2078 omnihus
769 2019 842 2078 uitis
864 2017 1024 2080 consilium
1046 2019 1115 2098 fuit,
1142 2026 1353 2098 1111111311-

203 2125 278 2178 tem:
302 2137 399 2192 attare
419 2119 552 2176 de'aentas
568 2119 706 2192 primata
727 2119 762 2176 de
781 2135 895 2192 genere
913 2120 985 2194 edas,
1004 2121 1115 2178 deinde
1134 2119 1243 2192 auitas
1262 2121 1353 2178 disai-

197 2221 294 2292 attan
317 2223 347 2276 et
370 2233 388 2274 a
416 2219 522 2290 auitas
541 2217 579 2274 sit
599 2217 743 2290 eraditus,
770 2223 831 2274 tna
853 2217 890 2274 de
909 2219 1043 2278 naritus
1060 2215 1237 2292 argentique
1251 2217 1353 2292 fatal·

204 2317 315 2374 tatttas
339 2321 369 2374 et
389 2319 419 2374 et
440 2331 501 2388 aaa
526 2317 589 2374 alia
611 2317 756 2374 aenaria
782 2317 877 2388 diana
902 2323 1003 2389 erata,
1019 2324 1174 2392 postrema
1202 2317 1239 2374 de
1262 2317 1355 2374 retae

201 2419 306 2489 aester,
336 2431 414 2489 qaae
446 2431 467 2473 a
492 2415 636 2489 plurimis
671 2417 764 2473 antrat
797 2419 1024 2489 anteponantur
1056 2419 1091 2475 at
1109 2413 1231 2473 tatibus.
1279 2431 1353 2491 quae

203 2532 270 2573 cum
305 2510 489 2591 disponeret,
522 2512 636 2591 species
667 2510 729 2571 eius
758 2520 888 2571 mentem
917 2513 958 2573 ita
985 2519 1221 2591 occupauerunt,
1247 2520 1282 2573 ut
1303 2530 1354 2571 res

203 2618 301 2687 gestas
323 2626 378 2687 per
402 2608 468 2669 illas
494 2608 673 2687 disponeret,
702 2618 838 2689 quartam
861 2617 961 2669 autem
982 2618 1099 2688 partem
1123 2612 1243 2671 omnino
1269 2612 1353 2671 omit-

203 2714 280 2767 teret
300 2710 375 2781 (uid.
396 2708 570 2783 Nipperdey
596 2726 621 2767 a.
636 2710 649 2767 l
660 2756 666 2765 .
680 2710 723 2779 d).
755 2708 889 2785 Denique
913 2708 1045 2769 medium
1067 2708 1166 2768 locum
1188 2707 1354 2768 interillos

204 2808 279 2867 uitas
302 2804 559 2885 laudationemque
584 2804 804 2883 Epaminondae
828 2804 982 2885 Agesilaus
1007 2806 1120 2867 ohtiuet
1143 2823 1198 2885 per
1220 2813 1354 2885 tempora

206 2922 304 2963 rerum
328 2910 479 2981 gestarum
500 2901 646 2963 laudatus

293 3000 375 3071 Quod
405 3002 430 3061 si
454 3002 490 3061 ad
519 3002 682 3061 doctrinam
713 3002 869 3063 oratoriam
893 3000 1017 3079 Nepotis
1043 3004 1235 3081 scriptionem
1259 3006 1353 3081 magis

203 3100 348 3161 inclinare
370 3098 507 3161 uidemus
533 3118 619 3179 quam
644 3098 679 3159 ad
703 3100 859 3161 historiam
886 3116 987 3159 rerum
1016 3102 1140 3161 scientia
1167 3102 1353 3179 instructam,

203 3218 262 3257 non
290 3200 399 3259 mirum
428 3198 513 3258 nohis
544 3218 608 3257 esse
636 3196 789 3257 uidebitur
815 3200 848 3257 in
872 3199 949 3257 uiris
980 3198 1147 3259 illustribus
1179 3200 1354 3281 colligendis

204 3316 270 3357 eum
295 3296 445 3359 rhetorum
466 3298 601 3357 fictiones
618 3314 673 3373 pro
691 3298 893 3357 monumentis
912 3296 1085 3358 uendidisse
1103 3300 1253 3377 (Eaempt.
1266 3300 1307 3377 sr.
1323 3302 1352 3375 3,

203 3398 264 3455 aid.
287 3398 371 3471 adn.)
379 3388 405 3479 1)
430 3394 615 3473 eundemque
644 3396 724 3455 intra
749 3396 825 3455 lines
854 3395 918 3455 ludi
938 3398 1082 3455 rhetorici
1105 3416 1136 3455 se
1161 3398 1353 3459 continuisse.

203 3512 270 3553 nam
292 3494 368 3573 (prod
387 3492 555 3573 Nipperdey
575 3494 690 3569 (praes.
704 3514 738 3569 p.
758 3498 835 3567 111)
855 3494 1046 3573 llyronidern,
1064 3494 1238 3575 l'olmidem,
1262 3496 1353 3557 Phor-

202 3594 340 3671 mionem,
364 3590 487 3673 Niciam,
509 3592 745 3671 Demosthenem,
771 3592 931 3670 Brasidam,
955 3596 1083 3653 maxime
1103 3592 1233 3672 Aratum,
1256 3594 1354 3653 Philo·

205 3710 384 3769 poemenem,
407 3690 593 3751 Cleomenem
618 3688 775 3769 desiderat,
798 3691 829 3749 hi
853 3710 890 3749 ue
915 3711 930 3749 a
950 3692 1093 3751 Cicerone
1115 3692 1235 3770 quidem
1259 3696 1353 3754 nomi-

296 3922 318 3987 1)
340 3918 442 3971 Verum
469 3922 563 3971 tamen
593 3918 684 3989 ipsum
713 3920 782 3971 haee
809 3918 923 3971 decreta
952 3918 1125 3987 excogitasse
1154 3916 1225 3971 mihi
1251 3936 1352 3989 parum

203 3998 356 4051 uerisimile
380 4002 435 4065 est3
461 4002 537 4053 certe
554 3998 752 4053 Themistoclis
779 4000 805 4051 et
824 3996 983 4053 Pausaniae
1001 3998 1140 4067 epistulas
1166 4014 1261 4051 eorum
1284 3998 1352 4053 uitis

203 4076 321 4133 insertas
353 4076 421 4131 satis
449 4078 603 4149 diligenter
629 4094 664 4131 ex
686 4076 853 4147 Thucydide
879 4078 980 4145 uertit,
1007 4078 1039 4131 id
1060 4078 1137 4145 quod
1160 4076 1222 4145 ipse
1240 4078 1354 4133 addidit

204 4158 309 4223 (Geraia.
324 4160 392 4213 Ltu.
409 4160 429 4211 Ι
442 4164 520 4225 eat),
541 4162 624 4227 atque
645 4156 732 4213 etiam
746 4158 892 4213 Corneliae
908 4158 1045 4227 epistulae
1059 4160 1116 4225 (De
1133 4160 1187 4213 air.
1205 4160 1242 4215 ta.
1257 4161 1294 4225 fr.
1304 4166 1351 4227 15)

204 4252 238 4289 ex
256 4238 315 4291 eius
335 4238 447 4293 officina
467 4256 523 4291 nou
542 4238 714 4307 prodierunt,
729 4256 798 4307 quas
812 4238 928 4307 quidem
943 4240 1057 4309 abipsa
1072 4238 1202 4293 Cornelia
1217 4240 1353 4309 originem

203 4316 303 4373 ducere
326 4318 397 4371 mihi
422 4318 584 4389 Nipperdey
605 4320 656 4387 Op.
673 4336 702 4387 p.
719 4324 753 4373 95
764 4338 817 4389 epa.
839 4320 985 4389 persuasit.
1026 4318 1065 4373 ef,
1081 4321 1186 4373 Jordan
1206 4322 1353 4375 11111115

200 4414 229 4463 p.
245 4404 299 4455 131)
308 4418 362 4469 aaa.
