3234 4950
524 501 701 556 AOHOLIVS
719 535 754 542 —
774 501 914 556 ASINIVS
936 501 1154 566 QVADRATVS
1252 503 1412 552 OLXXXXi'

260 690 290 749 p.
311 669 377 728 189
390 673 476 744 sqq).
516 671 713 746 fragmentum
740 678 839 729 autem
868 673 931 730 eius
958 673 1146 730 seueritatem
1171 669 1268 728 Auidii
1292 671 1325 728 iu
1348 687 1412 730 erui·

267 767 416 828 delitatem
439 771 545 847 uertit3
570 769 713 828 Aemilius
734 771 827 846 igitur
850 767 949 828 biareo
972 767 1091 828 Aurelio
1116 769 1196 828 t'auit.

703 1043 938 1116 AOHOLIVS
950 1041 973 1130 1)

351 1205 461 1266 Tribus
486 1205 560 1266 loeis
587 1207 644 1282 (fr.
663 1209 767 1278 1-3)
792 1224 859 1266 eum
890 1207 1078 1286 ¹Lampridius
1107 1209 1140 1266 iu
1165 1211 1226 1266 uita
1258 1209 1413 1268 Alexandri

263 1305 366 1364 Seueri
392 1306 503 1380 citauit,
527 1305 630 1362 ultimo
654 1305 733 1364 inter
753 1301 921 1364 ‘historicos
946 1307 1009 1364 eius
1028 1303 1183 1384 temporis’
1206 1323 1272 1366 eum
1291 1305 1412 1366 adderet

262 1401 326 1482 ‘qui
351 1412 379 1462 et
408 1405 514 1462 itinera
542 1403 606 1462 eius
634 1404 780 1480 principis
808 1399 951 1482 seripsit’,
974 1401 1026 1464 ubi
1047 1421 1102 1482 pro
1128 1403 1180 1464 hae
1206 1405 1316 1464 oodieis
1341 1409 1411 1464 seri.-

263 1509 351 1581 ptnra
369 1535 413 1542 --
431 1519 499 1560 nam
525 1501 596 1580 quid
618 1505 732 1562 ttinere
762 1499 818 1562 sibi
847 1501 954 1580 uelint,
982 1519 1070 1560 nemo
1098 1501 1274 1562 uidebit-
1294 1503 1412 1582 Lipsius

261 1605 377 1677 intimo,
403 1603 467 1680 ipse
489 1604 641 1660 interiore
665 1601 855 1660 eonieeimus.
895 1599 968 1662 fides
990 1599 1243 1662 taurorum?
1265 1601 1300 1662 ad
1321 1601 1411 1662 solam

261 1701 326 1758 eius
350 1701 538 1776 imperatoris
561 1697 677 1758 laudem
703 1701 863 1776 spectantis
890 1697 1044 1758 admodum
1067 1699 1153 1758 dubia
1173 1707 1226 1760 est.
1263 1701 1313 1760 sed
1334 1701 1410 1760 eius-

263 1797 330 1856 dem
358 1799 446 1856 etiam
471 1796 613 1874 Vopiscus
641 1799 790 1874 meminit,
820 1797 869 1876 qui
896 1795 975 1858 ‘fidoi
1006 1815 1093 1858 eausa
1122 1815 1157 1858 ex
1185 1797 1271 1858 libris
1301 1797 1410 1878 Aeboii

261 1897 312 1974 qui
342 1897 482 1974 magister
510 1893 724 1955 admissionum
747 1894 854 1956 Valerii
882 1897 1026 1974 principis
1054 1889 1153 1980 fuit2),
1175 1895 1252 1956 libro
1279 1905 1411 1956 aetorum

261 1995 326 2052 eius
355 1989 443 2052 nono’
469 1994 586 2070 longam
613 1993 650 2052 de
672 1993 825 2053 Aureliani
848 1993 1036 2070 adrogatione
1060 1997 1260 2054 narrationem
1285 1997 1411 2056 inseruit

262 2093 314 2168 (fr.
336 2093 378 2164 4).
418 2091 471 2150 sed
493 2109 671 2170 quamquam
695 2099 796 2170 aptum
826 2091 898 2152 iilud
920 2109 1028 2152 munus
1052 2093 1090 2152 ad
1111 2093 1181 2152 tatia
1207 2093 1408 2172 oogrroseenda

264 2197 293 2250 et
312 2189 425 2250 edenda
444 2191 500 2250 fuit
516 2193 638 2264 (desub.
649 2193 719 2250 Lm.
734 2193 755 2250 Ι
763 2211 797 2268 p.
807 2193 887 2262 437)
904 2197 989 2268 atque
1010 2191 1090 2250 idem
1109 2199 1139 2252 et
1159 2211 1192 2250 eo
1213 2211 1336 2252 munere
1356 2193 1410 2252 sub

261 2289 415 2348 Valeriano
442 2289 526 2366 fungi
554 2296 585 2348 et
610 2291 821 2368 imperatorem
845 2289 1043 2348 Alexandrum
1072 2289 1191 2350 laudare
1220 2309 1275 2368 per
1296 2297 1409 2368 tempo-

260 2405 327 2446 rum
357 2391 499 2448 rationem
529 2390 632 2466 potuit,
661 2391 691 2446 in
720 2405 856 2448 sermone
881 2387 1026 2466 quaedam
1050 2387 1166 2468 Vopisci
1191 2389 1341 2448 simillima
1364 2391 1409 2448 in—

259 2496 350 2545 uenta
381 2494 451 2546 sunt
483 2495 571 2565 atque
605 2488 692 2545 etiam
726 2488 806 2565 ipsae
842 2506 890 2545 res
923 2486 1136 2547 dubitationem
1168 2494 1301 2567 mouent,
1335 2496 1365 2549 ut
1396 2508 1409 2547 a

260 2584 385 2663 Vopiseo
414 2586 470 2645 boe
492 2580 623 2665 botuns,
653 2584 860 2645 maureliani
889 2590 950 2645 uita
979 2594 1183 2665 exornaretur,
1214 2586 1314 2647 tietum
1345 2604 1409 2647 esse

259 2682 413 2762 probabile
436 2686 484 2763 sit,
507 2684 539 2743 id
561 2682 641 2761 quod
662 2684 697 2743 ab
718 2686 782 2743 eius
804 2684 1021 2743 consuetudine
1044 2702 1103 2743 uon
1127 2688 1246 2745 omnino
1273 2684 1410 2745 abhorret

259 2782 335 2855 (me
358 2782 425 2843 Ser.
443 2784 473 2842 b.
491 2784 529 2843 Α.
540 2800 573 2859 p.
591 2782 664 2842 181.
681 2782 772 2857 233).

578 3058 769 3131 ASINIVS
797 3058 1086 3143 bunnuaria

348 3219 568 3281 Exordiendum
593 3229 637 3280 est
661 3220 695 3279 ab
720 3220 767 3279 bis
791 3220 982 3281 testimoniis:
1008 3222 1122 3281 Sutdde
1147 3238 1168 3281 s,
1188 3240 1217 3281 α.
1237 3222 1277 3281 II
1288 3238 1322 3295 p.
1342 3222 1406 3281 311

258 3322 356 3395 Bbdy.
388 3314 571 3401 Κοδράτος,
592 3312 745 3395 Ῥωμαίος
770 3316 942 3399 ἱστορικός.
980 3312 1123 3401 ἔγραψεν
1145 3312 1225 3379 Ἰάδι
1249 3316 1409 3403 διαλέκτῳ

258 3414 410 3494 ἱστορίαν
424 3410 606 3495 Ῥωμαϊκὴν
623 3412 662 3477 ἐν
678 3416 823 3495 βιβλίοις
847 3414 899 3495 ιε’,
921 3410 1109 3497 ἐπιγραφὴν
1129 3412 1166 3477 δὲ
1184 3412 1409 3499 Χιάιιιηρίδα

256 3510 311 3577 καὶ
339 3510 482 3595 περιέχει
509 3511 572 3577 ἀπὸ
605 3514 740 3587 κτίσεως
763 3508 884 3595 Ῥώμης
913 3510 974 3589 ἔοις
996 3508 1217 3595 Ἀλεξάνδρου
1243 3520 1303 3577 τοῦ
1336 3516 1407 3577 Μα-

256 3616 355 3691 μαίας
371 3610 449 3675 υἱοῦ
470 3613 647 3695 Καίσαρος,
678 3622 710 3673 et
728 3616 860 3687 Εααραίί
878 3618 946 3677 bist.
964 3618 1035 3675 eret.
1053 3616 1081 3673 V
1096 3616 1137 3673 24
1163 3610 1226 3675 Καὶ
1246 3610 1409 3695 Εὐσέβιος

256 3710 295 3774 δὲ
317 3710 380 3775 άπὸ
401 3718 461 3775 τοῦ
477 3708 692 3793 Ὀκταβιααοῦ
712 3707 767 3775 καὶ
791 3712 957 3793 Τραϊανοῦ
976 3706 1031 3773 καὶ
1050 3710 1193 3789 Μάρκου
1215 3710 1326 3793 λαβὼν
1348 3706 1409 3785 ἕως

257 3818 316 3891 τῆς
339 3814 491 3891 τελευτῆς
510 3808 626 3891 Κάρου
651 3810 841 3891 κατήντησε.
877 3808 1055 3889 γέγραπται
1082 3802 1117 3871 δὲ
1141 3806 1305 3891 περὶτῶν
1335 3810 1408 3891 χρά-

255 3930 326 3971 voto
350 3908 478 3971 τούτων
499 3902 572 3971 ἔνια
592 3904 754 3993 Ἀρριανοῦ
781 3930 814 3971 τε
838 3904 891 3971 καὶ
913 3904 1045 3991 Ἀσινίῳ
1069 3904 1286 3991 Κουαδράιςο.

258 4044 494 4051 νη-ι--ι-μ--Α-ψ..-

347 4121 372 4185 1)
390 4118 546 4186 Leeriva-in,
560 4120 632 4173 Note
645 4136 694 4172 sur
714 4120 863 4173 t'bietortou
877 4120 1017 4183 Aetolius,
1040 4134 1094 4171 rute
1108 4118 1154 4171 des
1171 4132 1278 4171 sources
1296 4118 1328 4171 cie
1348 4118 1407 4171 t’bo'-

254 4202 337 4255 stoi-re
360 4200 432 4271 Αιιρ.
450 4198 481 4251 in
504 4200 599 4255 Reoue
620 4200 668 4253 des
689 4200 782 4253 e'tudes
807 4198 983 4255 communali
1004 4200 1097 4267 (iano)
1118 4216 1146 4267 pi
1168 4204 1321 4263 iot—143,
1351 4214 1407 4263 qua

254 4284 323 4335 nota
341 4281 468 4347 legentes
486 4280 516 4331 in
535 4280 746 4349 inscriptionem
762 4280 899 4333 Graecam
919 4278 1084 4333 Sardianon]
1105 4276 1250 4343 conuertit,
1272 4278 1300 4329 in
1319 4278 1406 4331 hono*

253 4378 313 4415 rem
331 4360 443 4413 Aehoiii
466 4360 605 4429 praefecti
621 4360 730 4429 Lydiae
751 4360 881 4429 positam,
908 4376 992 4429 quam
1015 4358 1082 4411 noui
1107 4376 1140 4411 ex
1161 4358 1285 4411 eiusdem
1304 4356 1406 4411 studiis

255 4442 291 4495 de
309 4438 374 4493 bist.
389 4443 461 4509 Aug.
477 4459 503 4509 pi
519 4446 579 4493 402.

345 4523 371 4585 2)
390 4520 453 4573 Vid.
471 4522 504 4573 de
524 4522 575 4573 hoe
597 4522 688 4575 officio
708 4520 868 4573 Hiraebfeid
895 4518 1181 4591 Verrouttuupspereb.2
1201 4536 1228 4587 p.
1245 4522 1302 4571 310.

1112 4606 1192 4659 xiii*
