3234 4950
563 400 612 453 DE
632 398 753 455 enum
773 398 907 453 POPVLI
925 398 1068 453 nouam
1348 398 1388 461 21

242 590 308 629 nam
332 588 474 629 reuocare
498 576 633 629 naturam
658 568 705 629 001
731 572 794 647 ipse
816 572 915 645 potuit
935 568 986 627 uel
1008 574 1092 627 certe
1115 586 1130 625 a
1155 568 1225 627 loue
1246 586 1300 627 sno
1319 586 1390 645 rege

241 676 387 747 tamquam
416 666 554 725 caelicola
575 668 712 727 nouicius
737 668 917 745 impetrauit.
954 668 1027 745 quir]
1052 668 1138 725 etiam
1161 666 1305 743 templum
1325 668 1390 725 eius

241 786 306 827 esse
334 770 417 827 aiunt
444 768 476 823 in
501 764 1145 845 10001011101001100,0001000000100ῐο
1171 764 1313 843 Gargano,
1339 764 1389 841 qni

240 872 284 925 001
312 868 343 923 10
367 864 483 941 11ρο110,
512 872 542 925 01
567 866 624 925 1100
652 866 796 943 templum
824 862 1042 923 circumuolare
1069 870 1159 941 atque
1181 862 1312 923 incolere
1337 862 1389 921 has

210 966 321 1025 ¹salites
346 972 405 1025 tam
429 962 558 1021 mirabili
580 962 732 1043 obsequie,
755 970 789 1023 ut
811 980 919 1041 aquarn
940 962 1084 1041 impleant
1108 969 1136 1019 et
1161 969 1331 1041 aspergant3
1360 969 1390 1019 et

238 1080 269 1121 00
301 1064 324 1121 01
353 1060 456 1121 Graeci
483 1064 622 1121 uenerint
645 1060 693 1121 uel
722 1062 902 1121 Graecorum
928 1064 1021 1139 stirpe
1043 1062 1186 1139 prognati,
1211 1078 1270 1119 non
1292 1058 1387 1119 solum

237 1162 351 1237 quietas
375 1178 448 1237 esse,
473 1178 578 1219 uerum
601 1168 628 1219 et
647 1162 770 1239 insuper
791 1160 920 1239 adulare,
938 1160 965 1217 si
984 1166 1083 1217 autem
1103 1158 1284 1235 alienigenas
1302 1158 1386 1217 uide-

236 1260 304 1337 rint,
328 1258 486 1319 suhuolare
510 1256 548 1317 ad
570 1262 666 1337 capita
689 1266 807 1337 tamque
833 1258 975 1335 grauibus
997 1256 1116 1334 10111οε,
1139 1265 1173 1317 01
1196 1260 1286 1316 011001
1306 1258 1385 1335 peri-

236 1364 324 1435 mant,
335 1356 503 1417 uulnerare.
523 1376 591 1415 nam
609 1358 688 1415 duris
704 1364 735 1415 et
749 1354 910 1433 grandibus
925 1358 1032 1415 rostris
1047 1358 1118 1415 satis
1133 1356 1257 1415 adhaec
1272 1354 1386 1433 proelia

196 1478 221 1515 10
236 1454 432 1534 perhibentur
449 1460 586 1515 armatae.
626 1456 747 1529 (017.)
771 1454 939 1515 1100110110
958 1463 992 1515 ut
1010 1454 1152 1531 adstruat,
1175 1461 1387 1513 commemorat

235 1554 290 1613 alia
313 1574 372 1613 uon
395 1556 494 1613 miuus
517 1554 704 1613 incredibilia
730 1554 763 1613 de
790 1552 839 1611 illa
861 1572 946 1631 maga
971 1554 1169 1613 lamosissima
1187 1550 1282 1631 Circe,
1308 1570 1384 1631 quae

234 1656 327 1713 socios
354 1670 469 1731 quoque
490 1652 579 1711 Vlixis
602 1654 727 1713 mutauit
745 1654 776 1711 in
796 1652 916 1731 1001100,
935 1659 965 1711 01
985 1652 1020 1709 de
1040 1652 1213 1729 ArcadibuS,
1233 1652 1285 1729 qui
1303 1659 1384 1709 sorte

234 1750 314 1811 ducti
342 1750 563 1811 transnatabant
593 1750 739 1829 quoddam
773 1758 911 1827 stagnum
940 1758 1030 1829 atque
1059 1748 1104 1807 ibi
1133 1750 1384 1811 conuertebantur

233 1850 261 1907 in
281 1850 366 1927 lupos
386 1856 417 1907 01
436 1868 502 1909 cum
522 1850 669 1909 similibus
689 1850 759 1907 leris
781 1868 835 1927 per
854 1850 933 1909 illius
952 1850 1084 1925 regionis
1100 1848 1216 1907 deserta
1230 1848 1382 1907 uiuehant.

194 1968 216 2007 15
233 1952 257 2007 si
276 1954 375 2009 autem
394 1966 483 2007 carue
503 1966 561 2009 non
580 1956 777 2009 noscerentur
797 1948 933 2026 humana,
952 1965 1057 2007 rursus
1076 1955 1144 2025 post
1162 1966 1271 2007 nonem
1291 1965 1383 2007 annos

233 2046 334 2105 eodem
360 2054 491 2105 renatato
515 2054 618 2123 stagno
642 2044 880 2105 relormabantur
904 2048 934 2105 iu
957 2046 1103 2105 homines.
1140 2045 1267 2123 denique
1293 2048 1382 2105 etiam

230 2148 403 2205 nominatim
429 2148 573 2223 expressit
599 2144 745 2225 ryueudam
768 2144 982 2204 Demaenetum
1005 2151 1140 2221 gustasse
1166 2144 1201 2203 de
1226 2144 1381 2227 sacrificio,

230 2244 307 2321 ‹yuod
330 2244 458 2303 Arcades
483 2244 630 2303 immolato
657 2262 747 2323 puero
775 2242 828 2303 deo
854 2264 907 2303 suo
926 2242 1040 2321 Lycaeo
1062 2243 1162 2303 facere
1185 2243 1324 2321 solerent,
1352 2250 1381 2303 et

229 2344 258 2401 in
288 2342 389 2421 lupum
419 2342 509 2401 luisse
543 2350 687 2403 mutatum
717 2350 746 2401 et
775 2360 852 2401 anno
876 2342 991 2401 decimo
1019 2344 1051 2399 in
1079 2342 1205 2419 liguram
1229 2344 1380 2421 propriam

189 2462 213 2500 10
230 2444 398 2502 restitutum
427 2440 589 2520 pugilatum
619 2458 683 2502 sese
714 2442 883 2502 exercuisse
916 2449 944 2500 et
974 2438 1144 2520 Olympiaoo
1173 2442 1284 2502 uicisse
1314 2458 1378 2500 oer-

230 2543 346 2600 tamine.
383 2559 439 2604 nec
468 2541 547 2598 idem
573 2549 695 2620 propter
726 2539 803 2598 aliud
830 2541 993 2600 arbitratur
1014 2541 1177 2600 historicus
1199 2541 1232 2598 in
1253 2539 1380 2598 Arcadia

228 2641 284 2700 tale
316 2657 424 2700 nomeu
454 2639 594 2698 adfictum
623 2637 695 2698 Pani
727 2637 840 2716 Lycaeo
870 2645 901 2698 et
927 2637 991 2698 loni
1015 2637 1142 2716 Lycaeo,
1172 2639 1231 2698 nisi
1255 2646 1379 2716 propter

226 2739 303 2798 hanc
330 2741 363 2798 10
392 2739 477 2818 lupos
507 2737 661 2798 hominum
690 2739 899 2815 mutationem,
930 2737 1009 2814 quod
1039 2755 1105 2796 eam
1130 2739 1189 2796 nisi
1218 2739 1249 2796 01
1279 2736 1378 2797 diuina

227 2837 292 2896 lieri
314 2855 372 2896 nou
392 2843 541 2916 putarent.
577 2835 666 2916 lupus
685 2837 764 2896 enim
786 2835 898 2896 Graece
917 2833 1016 2906 λύκος
1037 2835 1154 2913 dicitur,
1172 2835 1251 2894 unde
1272 2835 1378 2914 Lycaei

187 2953 331 2996 0000100
367 2943 488 3012 apparet
518 2935 670 2994 iullexum.
724 2933 870 2994 1101110000
905 2937 992 2994 etiam
1023 2935 1162 3012 lupercos
1191 2953 1228 2994 011
1256 2933 1376 2994 illorum

225 3035 433 3112 mysteriorum
455 3033 551 3092 ueluti
573 3035 687 3094 semine
713 3032 784 3092 dicit
806 3042 933 3092 exortos

331 3129 437 3192 (019.)
465 3125 505 3178 Eo
524 3127 650 3194 tempore
670 3127 734 3192 post
752 3126 867 3192 captam
884 3123 998 3178 Troiam
1018 3127 1104 3192 atque
1122 3123 1246 3180 deletam
1265 3125 1375 3178 Aeneas

260 3223 322 3258 cum
337 3205 441 3276 uiginti
455 3205 575 3258 nauibus
592 3237 624 3246 -
638 3207 670 3258 in
683 3205 796 3258 ltaliam
810 3207 898 3271 uenit,
918 3207 1054 3274 regnante
1071 3205 1114 3258 ibi
1129 3204 1232 3258 Latino
1250 3207 1281 3258 et
1298 3205 1375 3274 apud

260 3285 444 3340 Athenienses
464 3287 633 3352 Menestheo,
657 3289 726 3354 aput
744 3285 889 3354 Sicyonios
909 3285 1073 3354 Polyphide.
1100 3316 1126 3324 -
1146 3287 1255 3338 mortuo
1273 3285 1374 3338 Latino

186 3383 189 3396 ‘
258 3367 389 3438 regnauit
404 3367 512 3420 Aeneas
528 3367 618 3422 tribus
638 3367 728 3420 00010.
743 3399 777 3406 -
797 3365 853 3420 Sed
866 3368 990 3432 Aenean,
1010 3365 1154 3436 quoniam,
1175 3367 1288 3432 quando
1301 3383 1373 3420 rnor-

257 3449 321 3500 tuua
347 3449 401 3512 est,
425 3463 481 3498 non
504 3447 666 3518 conparuit,
688 3447 773 3500 deum
797 3447 852 3500 sibi
874 3447 1001 3502 fecerunt
1025 3447 1126 3500 Latini.
1162 3447 1259 3500 Sabini
1288 3447 1373 3502 etiam

257 3545 354 3596 regem
376 3545 456 3582 suurn
485 3527 606 3596 primurn
630 3527 764 3596 Sancum,
791 3527 863 3595 0100,
885 3531 919 3582 01
941 3527 1033 3596 aliqui
1050 3525 1210 3596 appellant,
1229 3528 1372 3594 Sanctum,

257 3607 428 3662 rettulerunt
445 3609 476 3660 in
491 3609 564 3662 deos.
581 3643 614 3648 —
628 3609 666 3662 Et
679 3609 752 3662 hune
767 3609 923 3680 [Codrum]
936 3609 1122 3662 Athenienses
1136 3611 1275 3676 tauquam
1289 3609 1372 3661 deum

257 3687 456 3744 sacrificiorum
476 3689 579 3742 honore
596 3691 748 3744 coluerunt,
779 3689 883 3754 Quarto
899 3691 1061 3744 Latinorum
1076 3705 1142 3758 rege
1158 3689 1246 3742 Siluio
1260 3690 1371 3743 Aeneae

257 3769 324 3836 11110,
344 3787 399 3822 000
420 3771 452 3822 de
474 3769 588 3836 Creusa,
614 3771 647 3822 de
668 3789 723 3838 qua
741 3771 797 3822 fuit
815 3771 962 3837 AscaniuS,
984 3771 1034 3836 qui
1052 3771 1153 3822 tertius
1171 3769 1214 3822 ibi
1231 3771 1370 3840 regnauit,

257 3851 308 3906 sed
322 3849 357 3904 cle
371 3849 489 3902 Lauinia
503 3849 599 3904 Latini
613 3851 681 3918 filia,
699 3867 784 3918 quern
801 3855 965 3918 postumum
979 3851 1088 3905 Aenea-s
1108 3849 1213 3904 dieitur
1229 3849 1371 3918 babuisse,

257 3931 434 3998 Assyriorum
453 3931 549 3984 autern
564 3931 714 3984 vicensimo
731 3933 758 3984 01
772 3949 847 3984 nono
863 3933 937 3986 0000
953 3933 982 3984 01
995 3931 1140 3984 Melantho
1157 3931 1370 3984 Atheniensium

221 4061 268 4068 nm..
273 4063 364 4068 —.-.....-
374 4061 459 4068 ...-.-.----

311 4155 338 4212 li.
363 4155 513 4230 progeniti
533 4173 552 4212 0
644 4155 889 4233 7010101000
927 4155 1069 4212 aduolare
1094 4179 1112 4212 0
1121 4149 1156 4212 02
1192 4155 1312 4212 auclara
1338 4147 1369 4212 01

291 4245 339 4302 13.
363 4243 533 4302 transibant
555 4245 699 4302 Doarbnrt
722 4263 787 4304 cum
809 4237 842 4322 p²
956 4247 1003 4302 16.
1028 4244 1235 4302 formabantur
1254 4263 1276 4318 g

222 4335 270 4390 li.
292 4353 359 4392 cum
377 4335 527 4408 gustasset
542 4335 618 4408 arulp.
694 4337 743 4392 20.
762 4335 917 4410 pugillatu
935 4333 1140 4408 10100010.)
1211 4335 1261 4392 32.
1280 4353 1367 4392 xanc-

219 4423 285 4480 tum
306 4443 354 4498 yp
423 4423 476 4480 alii
499 4423 663 4496 quidamp
