<?xml version="1.0" encoding="UTF-8"?>
<!DOCTYPE html PUBLIC "-//W3C//DTD XHTML 1.0 Transitional//EN"
    "http://www.w3.org/TR/xhtml1/DTD/xhtml1-transitional.dtd">
<html xmlns="http://www.w3.org/1999/xhtml" xml:lang="en" lang="en">
 <head>
  <title>
</title>
<meta http-equiv="Content-Type" content="text/html;charset=utf-8" />
  <meta name='ocr-system' content='tesseract 3.04.00' />
  <meta name='ocr-capabilities' content='ocr_page ocr_carea ocr_par ocr_line ocrx_word'/>
</head>
<body>
  <div class='ocr_page' id='page_1' title='image "./historicorumrom03petegoog_0006.png"; bbox 0 0 3234 4950; ppageno 0'>
   <div class='ocr_carea' id='block_1_1' title="bbox 278 351 334 415">
    <p class='ocr_par' dir='ltr' id='par_1_1' title="bbox 278 351 334 415">
     <span class='ocr_line' id='line_1_1' title="bbox 278 351 334 415; baseline -0.018 0"><span class='ocrx_word' id='word_1_1' title='bbox 278 351 334 415; x_wconf 62' lang='lat' dir='ltr'>vr*</span> 
     </span>
    </p>
   </div>
   <div class='ocr_carea' id='block_1_2' title="bbox 192 509 1491 4421">
    <p class='ocr_par' dir='ltr' id='par_1_2' title="bbox 277 509 1491 2456">
     <span class='ocr_line' id='line_1_2' title="bbox 277 509 1430 598; baseline -0.002 -24"><span class='ocrx_word' id='word_1_2' title='bbox 277 511 352 596; x_wconf 91' lang='lat' dir='ltr'>plus</span> <span class='ocrx_word' id='word_1_3' title='bbox 378 511 591 596; x_wconf 87' lang='lat' dir='ltr'>qnadraginta</span> <span class='ocrx_word' id='word_1_4' title='bbox 613 512 755 596; x_wconf 89' lang='lat' dir='ltr'>reperire</span> <span class='ocrx_word' id='word_1_5' title='bbox 777 535 914 598; x_wconf 87' lang='lat' dir='ltr'>possem,</span> <span class='ocrx_word' id='word_1_6' title='bbox 937 511 1130 576; x_wconf 85' lang='lat' dir='ltr'>coniecturis</span> <span class='ocrx_word' id='word_1_7' title='bbox 1147 517 1257 574; x_wconf 89' lang='lat' dir='ltr'>tamen</span> <span class='ocrx_word' id='word_1_8' title='bbox 1275 509 1430 592; x_wconf 74' lang='lat' dir='ltr'>abstinui,</span> 
     </span>
     <span class='ocr_line' id='line_1_3' title="bbox 277 609 1430 694; baseline -0.002 -22"><span class='ocrx_word' id='word_1_9' title='bbox 277 631 318 672; x_wconf 90' lang='lat' dir='ltr'>ne</span> <span class='ocrx_word' id='word_1_10' title='bbox 342 613 464 672; x_wconf 88' lang='lat' dir='ltr'>certam</span> <span class='ocrx_word' id='word_1_11' title='bbox 486 611 722 694; x_wconf 88' lang='lat' dir='ltr'>auctoritatem,</span> <span class='ocrx_word' id='word_1_12' title='bbox 754 633 835 694; x_wconf 89' lang='lat' dir='ltr'>qnae</span> <span class='ocrx_word' id='word_1_13' title='bbox 863 611 985 674; x_wconf 85' lang='lat' dir='ltr'>alienae</span> <span class='ocrx_word' id='word_1_14' title='bbox 1016 611 1178 672; x_wconf 89' lang='lat' dir='ltr'>doetrinae</span> <span class='ocrx_word' id='word_1_15' title='bbox 1208 613 1240 672; x_wconf 92' lang='lat' dir='ltr'>et</span> <span class='ocrx_word' id='word_1_16' title='bbox 1267 609 1430 672; x_wconf 90' lang='lat' dir='ltr'>sollertiae</span> 
     </span>
     <span class='ocr_line' id='line_1_4' title="bbox 278 705 1430 794; baseline -0.002 -24"><span class='ocrx_word' id='word_1_17' title='bbox 278 707 431 770; x_wconf 88' lang='lat' dir='ltr'>materiae</span> <span class='ocrx_word' id='word_1_18' title='bbox 465 710 497 770; x_wconf 91' lang='lat' dir='ltr'>et</span> <span class='ocrx_word' id='word_1_19' title='bbox 528 709 671 772; x_wconf 88' lang='lat' dir='ltr'>subsidia</span> <span class='ocrx_word' id='word_1_20' title='bbox 706 713 798 794; x_wconf 87' lang='lat' dir='ltr'>esset,</span> <span class='ocrx_word' id='word_1_21' title='bbox 832 709 1007 790; x_wconf 88' lang='lat' dir='ltr'>turbarem,</span> <span class='ocrx_word' id='word_1_22' title='bbox 1035 711 1069 770; x_wconf 93' lang='lat' dir='ltr'>et</span> <span class='ocrx_word' id='word_1_23' title='bbox 1098 707 1231 770; x_wconf 89' lang='lat' dir='ltr'>minutis</span> <span class='ocrx_word' id='word_1_24' title='bbox 1256 705 1369 770; x_wconf 88' lang='lat' dir='ltr'>formis</span> <span class='ocrx_word' id='word_1_25' title='bbox 1393 729 1430 770; x_wconf 89' lang='lat' dir='ltr'>ea</span> 
     </span>
     <span class='ocr_line' id='line_1_5' title="bbox 279 803 1431 891; baseline 0 -23"><span class='ocrx_word' id='word_1_26' title='bbox 279 805 464 868; x_wconf 81' lang='lat' dir='ltr'>excudenda</span> <span class='ocrx_word' id='word_1_27' title='bbox 490 806 614 891; x_wconf 88' lang='lat' dir='ltr'>curaui,</span> <span class='ocrx_word' id='word_1_28' title='bbox 644 829 725 890; x_wconf 88' lang='lat' dir='ltr'>quae</span> <span class='ocrx_word' id='word_1_29' title='bbox 756 807 833 890; x_wconf 89' lang='lat' dir='ltr'>quin</span> <span class='ocrx_word' id='word_1_30' title='bbox 861 811 898 868; x_wconf 91' lang='lat' dir='ltr'>ut</span> <span class='ocrx_word' id='word_1_31' title='bbox 925 805 988 868; x_wconf 88' lang='lat' dir='ltr'>alia</span> <span class='ocrx_word' id='word_1_32' title='bbox 1012 803 1203 868; x_wconf 87' lang='lat' dir='ltr'>nominatim</span> <span class='ocrx_word' id='word_1_33' title='bbox 1225 805 1431 888; x_wconf 71' lang='lat' dir='ltr'><strong>Augustinus</strong></span> 
     </span>
     <span class='ocr_line' id='line_1_6' title="bbox 279 901 1431 990; baseline 0 -26"><span class='ocrx_word' id='word_1_34' title='bbox 279 925 317 964; x_wconf 79' lang='lat' dir='ltr'>ex</span> <span class='ocrx_word' id='word_1_35' title='bbox 335 901 490 966; x_wconf 81' lang='lat' dir='ltr'>Varronis</span> <span class='ocrx_word' id='word_1_36' title='bbox 511 905 548 966; x_wconf 91' lang='lat' dir='ltr'>de</span> <span class='ocrx_word' id='word_1_37' title='bbox 569 908 665 990; x_wconf 90' lang='lat' dir='ltr'>gente</span> <span class='ocrx_word' id='word_1_38' title='bbox 684 905 796 988; x_wconf 90' lang='lat' dir='ltr'>populi</span> <span class='ocrx_word' id='word_1_39' title='bbox 812 903 950 968; x_wconf 83' lang='lat' dir='ltr'>Romani</span> <span class='ocrx_word' id='word_1_40' title='bbox 968 901 1064 964; x_wconf 90' lang='lat' dir='ltr'>libris</span> <span class='ocrx_word' id='word_1_41' title='bbox 1083 901 1117 964; x_wconf 91' lang='lat' dir='ltr'>in</span> <span class='ocrx_word' id='word_1_42' title='bbox 1137 925 1211 964; x_wconf 88' lang='lat' dir='ltr'>suos</span> <span class='ocrx_word' id='word_1_43' title='bbox 1236 903 1273 964; x_wconf 92' lang='lat' dir='ltr'>de</span> <span class='ocrx_word' id='word_1_44' title='bbox 1299 901 1431 964; x_wconf 91' lang='lat' dir='ltr'>ciuitate</span> 
     </span>
     <span class='ocr_line' id='line_1_7' title="bbox 279 997 1430 1084; baseline -0.001 -21"><span class='ocrx_word' id='word_1_45' title='bbox 279 1001 331 1064; x_wconf 90' lang='lat' dir='ltr'>dei</span> <span class='ocrx_word' id='word_1_46' title='bbox 352 999 483 1064; x_wconf 88' lang='lat' dir='ltr'>nomine</span> <span class='ocrx_word' id='word_1_47' title='bbox 510 1003 629 1066; x_wconf 87' lang='lat' dir='ltr'>emisso</span> <span class='ocrx_word' id='word_1_48' title='bbox 651 1001 885 1084; x_wconf 88' lang='lat' dir='ltr'>transtulisset,</span> <span class='ocrx_word' id='word_1_49' title='bbox 907 1003 964 1064; x_wconf 89' lang='lat' dir='ltr'>aut</span> <span class='ocrx_word' id='word_1_50' title='bbox 988 997 1109 1064; x_wconf 75' lang='lat' dir='ltr'>Gellius</span> <span class='ocrx_word' id='word_1_51' title='bbox 1135 1021 1172 1062; x_wconf 84' lang='lat' dir='ltr'>ex</span> <span class='ocrx_word' id='word_1_52' title='bbox 1198 997 1304 1084; x_wconf 90' lang='lat' dir='ltr'>Oppio</span> <span class='ocrx_word' id='word_1_53' title='bbox 1328 997 1430 1084; x_wconf 79' lang='lat' dir='ltr'>Hygi-</span> 
     </span>
     <span class='ocr_line' id='line_1_8' title="bbox 278 1097 1432 1182; baseline -0.003 -20"><span class='ocrx_word' id='word_1_54' title='bbox 278 1119 386 1180; x_wconf 88' lang='lat' dir='ltr'>noque</span> <span class='ocrx_word' id='word_1_55' title='bbox 406 1099 548 1162; x_wconf 87' lang='lat' dir='ltr'>dubitari</span> <span class='ocrx_word' id='word_1_56' title='bbox 568 1123 634 1164; x_wconf 88' lang='lat' dir='ltr'>nen</span> <span class='ocrx_word' id='word_1_57' title='bbox 651 1105 771 1182; x_wconf 84' lang='lat' dir='ltr'>posset.</span> <span class='ocrx_word' id='word_1_58' title='bbox 803 1103 874 1162; x_wconf 91' lang='lat' dir='ltr'>tum</span> <span class='ocrx_word' id='word_1_59' title='bbox 895 1097 979 1162; x_wconf 90' lang='lat' dir='ltr'>uitae</span> <span class='ocrx_word' id='word_1_60' title='bbox 1004 1097 1174 1180; x_wconf 68' lang='lat' dir='ltr'>scriptores</span> <span class='ocrx_word' id='word_1_61' title='bbox 1200 1099 1308 1162; x_wconf 78' lang='lat' dir='ltr'>deesse</span> <span class='ocrx_word' id='word_1_62' title='bbox 1330 1097 1432 1180; x_wconf 87' lang='lat' dir='ltr'>nolui,</span> 
     </span>
     <span class='ocr_line' id='line_1_9' title="bbox 279 1195 1430 1282; baseline -0.002 -22"><span class='ocrx_word' id='word_1_63' title='bbox 279 1195 342 1260; x_wconf 91' lang='lat' dir='ltr'>etsi</span> <span class='ocrx_word' id='word_1_64' title='bbox 360 1195 487 1260; x_wconf 88' lang='lat' dir='ltr'>diuersa</span> <span class='ocrx_word' id='word_1_65' title='bbox 507 1219 561 1262; x_wconf 91' lang='lat' dir='ltr'>eos</span> <span class='ocrx_word' id='word_1_66' title='bbox 582 1203 744 1282; x_wconf 74' lang='lat' dir='ltr'>spectasse</span> <span class='ocrx_word' id='word_1_67' title='bbox 764 1197 958 1282; x_wconf 87' lang='lat' dir='ltr'>multosque,</span> <span class='ocrx_word' id='word_1_68' title='bbox 976 1195 1117 1260; x_wconf 81' lang='lat' dir='ltr'>maxime</span> <span class='ocrx_word' id='word_1_69' title='bbox 1138 1201 1242 1260; x_wconf 90' lang='lat' dir='ltr'>aetate</span> <span class='ocrx_word' id='word_1_70' title='bbox 1263 1195 1430 1260; x_wconf 87' lang='lat' dir='ltr'>inferiores</span> 
     </span>
     <span class='ocr_line' id='line_1_10' title="bbox 278 1293 1431 1380; baseline 0 -22"><span class='ocrx_word' id='word_1_71' title='bbox 278 1293 375 1380; x_wconf 88' lang='lat' dir='ltr'>nugis</span> <span class='ocrx_word' id='word_1_72' title='bbox 403 1296 612 1378; x_wconf 87' lang='lat' dir='ltr'>minutiisque</span> <span class='ocrx_word' id='word_1_73' title='bbox 642 1293 815 1378; x_wconf 86' lang='lat' dir='ltr'>abundare,</span> <span class='ocrx_word' id='word_1_74' title='bbox 840 1315 946 1358; x_wconf 90' lang='lat' dir='ltr'>carere</span> <span class='ocrx_word' id='word_1_75' title='bbox 968 1293 1040 1380; x_wconf 89' lang='lat' dir='ltr'>fide,</span> <span class='ocrx_word' id='word_1_76' title='bbox 1067 1295 1219 1378; x_wconf 90' lang='lat' dir='ltr'>quosdam</span> <span class='ocrx_word' id='word_1_77' title='bbox 1246 1293 1340 1360; x_wconf 90' lang='lat' dir='ltr'>etiam</span> <span class='ocrx_word' id='word_1_78' title='bbox 1367 1317 1431 1358; x_wconf 88' lang='lat' dir='ltr'>ser-</span> 
     </span>
     <span class='ocr_line' id='line_1_11' title="bbox 279 1391 1431 1478; baseline 0 -22"><span class='ocrx_word' id='word_1_79' title='bbox 279 1415 372 1456; x_wconf 86' lang='lat' dir='ltr'>mone</span> <span class='ocrx_word' id='word_1_80' title='bbox 407 1391 527 1456; x_wconf 80' lang='lat' dir='ltr'>Graeco</span> <span class='ocrx_word' id='word_1_81' title='bbox 559 1415 636 1456; x_wconf 89' lang='lat' dir='ltr'>usos</span> <span class='ocrx_word' id='word_1_82' title='bbox 667 1415 737 1456; x_wconf 89' lang='lat' dir='ltr'>esse</span> <span class='ocrx_word' id='word_1_83' title='bbox 770 1391 872 1456; x_wconf 90' lang='lat' dir='ltr'>uideri</span> <span class='ocrx_word' id='word_1_84' title='bbox 905 1413 970 1456; x_wconf 91' lang='lat' dir='ltr'>non</span> <span class='ocrx_word' id='word_1_85' title='bbox 1003 1393 1127 1478; x_wconf 89' lang='lat' dir='ltr'>ignoro.</span> <span class='ocrx_word' id='word_1_86' title='bbox 1163 1397 1275 1456; x_wconf 88' lang='lat' dir='ltr'>contra</span> <span class='ocrx_word' id='word_1_87' title='bbox 1310 1391 1431 1456; x_wconf 86' lang='lat' dir='ltr'>exclusi</span> 
     </span>
     <span class='ocr_line' id='line_1_12' title="bbox 281 1489 1430 1576; baseline -0.002 -22"><span class='ocrx_word' id='word_1_88' title='bbox 281 1489 413 1554; x_wconf 79' lang='lat' dir='ltr'>Granii</span> <span class='ocrx_word' id='word_1_89' title='bbox 436 1489 632 1554; x_wconf 84' lang='lat' dir='ltr'>Liciniani</span> <span class='ocrx_word' id='word_1_90' title='bbox 655 1489 848 1576; x_wconf 82' lang='lat' dir='ltr'>fragmenta,</span> <span class='ocrx_word' id='word_1_91' title='bbox 878 1491 914 1554; x_wconf 91' lang='lat' dir='ltr'>de</span> <span class='ocrx_word' id='word_1_92' title='bbox 940 1489 1060 1574; x_wconf 91' lang='lat' dir='ltr'>quibus</span> <span class='ocrx_word' id='word_1_93' title='bbox 1084 1491 1276 1574; x_wconf 90' lang='lat' dir='ltr'>recipiendis</span> <span class='ocrx_word' id='word_1_94' title='bbox 1301 1495 1333 1556; x_wconf 92' lang='lat' dir='ltr'>et</span> <span class='ocrx_word' id='word_1_95' title='bbox 1357 1513 1430 1554; x_wconf 92' lang='lat' dir='ltr'>cum</span> 
     </span>
     <span class='ocr_line' id='line_1_13' title="bbox 279 1587 1430 1674; baseline -0.001 -22"><span class='ocrx_word' id='word_1_96' title='bbox 279 1587 483 1654; x_wconf 81' lang='lat' dir='ltr'>Franciscc</span> <span class='ocrx_word' id='word_1_97' title='bbox 509 1587 746 1652; x_wconf 90' lang='lat' dir='ltr'>Buechelero</span> <span class='ocrx_word' id='word_1_98' title='bbox 771 1589 873 1652; x_wconf 90' lang='lat' dir='ltr'>amico</span> <span class='ocrx_word' id='word_1_99' title='bbox 898 1589 1108 1652; x_wconf 76' lang='lat' dir='ltr'>retractandis</span> <span class='ocrx_word' id='word_1_100' title='bbox 1130 1589 1184 1652; x_wconf 90' lang='lat' dir='ltr'>diu</span> <span class='ocrx_word' id='word_1_101' title='bbox 1204 1587 1430 1674; x_wconf 87' lang='lat' dir='ltr'>cogitaueram.</span> 
     </span>
     <span class='ocr_line' id='line_1_14' title="bbox 280 1683 1430 1774; baseline -0.001 -24"><span class='ocrx_word' id='word_1_102' title='bbox 280 1687 451 1768; x_wconf 88' lang='lat' dir='ltr'>occupauit</span> <span class='ocrx_word' id='word_1_103' title='bbox 477 1709 584 1750; x_wconf 88' lang='lat' dir='ltr'>meam</span> <span class='ocrx_word' id='word_1_104' title='bbox 612 1707 743 1768; x_wconf 85' lang='lat' dir='ltr'>operam</span> <span class='ocrx_word' id='word_1_105' title='bbox 767 1685 809 1748; x_wconf 88' lang='lat' dir='ltr'>M.</span> <span class='ocrx_word' id='word_1_106' title='bbox 830 1685 990 1750; x_wconf 82' lang='lat' dir='ltr'>Flemiscb</span> <span class='ocrx_word' id='word_1_107' title='bbox 1016 1683 1268 1774; x_wconf 77' lang='lat' dir='ltr'>(e.1904),qui</span> <span class='ocrx_word' id='word_1_108' title='bbox 1294 1687 1374 1750; x_wconf 88' lang='lat' dir='ltr'>item</span> <span class='ocrx_word' id='word_1_109' title='bbox 1396 1687 1430 1750; x_wconf 88' lang='lat' dir='ltr'>id</span> 
     </span>
     <span class='ocr_line' id='line_1_15' title="bbox 280 1783 1427 1870; baseline -0.003 -21"><span class='ocrx_word' id='word_1_110' title='bbox 280 1783 485 1870; x_wconf 89' lang='lat' dir='ltr'>potissimum</span> <span class='ocrx_word' id='word_1_111' title='bbox 519 1783 596 1870; x_wconf 88' lang='lat' dir='ltr'>egit,</span> <span class='ocrx_word' id='word_1_112' title='bbox 622 1789 660 1846; x_wconf 92' lang='lat' dir='ltr'>ut</span> <span class='ocrx_word' id='word_1_113' title='bbox 687 1783 785 1846; x_wconf 90' lang='lat' dir='ltr'>rebus</span> <span class='ocrx_word' id='word_1_114' title='bbox 815 1783 982 1866; x_wconf 82' lang='lat' dir='ltr'>explicatis</span> <span class='ocrx_word' id='word_1_115' title='bbox 1012 1785 1265 1870; x_wconf 79' lang='lat' dir='ltr'>fragmentorum</span> <span class='ocrx_word' id='word_1_116' title='bbox 1288 1783 1427 1868; x_wconf 91' lang='lat' dir='ltr'>pretinm</span> 
     </span>
     <span class='ocr_line' id='line_1_16' title="bbox 280 1881 1431 1968; baseline 0 -22"><span class='ocrx_word' id='word_1_117' title='bbox 280 1886 464 1968; x_wconf 88' lang='lat' dir='ltr'>augeretur.</span> <span class='ocrx_word' id='word_1_118' title='bbox 503 1905 581 1946; x_wconf 87' lang='lat' dir='ltr'>nam</span> <span class='ocrx_word' id='word_1_119' title='bbox 606 1881 647 1946; x_wconf 94' lang='lat' dir='ltr'>de</span> <span class='ocrx_word' id='word_1_120' title='bbox 673 1881 948 1946; x_wconf 87' lang='lat' dir='ltr'>emendatioribus</span> <span class='ocrx_word' id='word_1_121' title='bbox 977 1903 1018 1946; x_wconf 84' lang='lat' dir='ltr'>ex</span> <span class='ocrx_word' id='word_1_122' title='bbox 1043 1883 1148 1948; x_wconf 88' lang='lat' dir='ltr'>lacero</span> <span class='ocrx_word' id='word_1_123' title='bbox 1177 1883 1284 1948; x_wconf 90' lang='lat' dir='ltr'>codice</span> <span class='ocrx_word' id='word_1_124' title='bbox 1314 1881 1431 1948; x_wconf 84' lang='lat' dir='ltr'>Londi-</span> 
     </span>
     <span class='ocr_line' id='line_1_17' title="bbox 279 1979 1491 2064; baseline -0.002 -20"><span class='ocrx_word' id='word_1_125' title='bbox 279 1981 371 2044; x_wconf 89' lang='lat' dir='ltr'>nensi</span> <span class='ocrx_word' id='word_1_126' title='bbox 397 1981 560 2044; x_wconf 84' lang='lat' dir='ltr'>eliciendis</span> <span class='ocrx_word' id='word_1_127' title='bbox 585 1980 755 2062; x_wconf 87' lang='lat' dir='ltr'>scripturis</span> <span class='ocrx_word' id='word_1_128' title='bbox 781 1981 1016 2064; x_wconf 88' lang='lat' dir='ltr'>desperandum</span> <span class='ocrx_word' id='word_1_129' title='bbox 1039 2003 1107 2044; x_wconf 90' lang='lat' dir='ltr'>esse</span> <span class='ocrx_word' id='word_1_130' title='bbox 1133 1981 1243 2044; x_wconf 89' lang='lat' dir='ltr'>multis</span> <span class='ocrx_word' id='word_1_131' title='bbox 1268 2003 1307 2044; x_wconf 86' lang='lat' dir='ltr'>ex</span> <span class='ocrx_word' id='word_1_132' title='bbox 1331 1979 1430 2064; x_wconf 87' lang='lat' dir='ltr'>parti·</span> <span class='ocrx_word' id='word_1_133' title='bbox 1490 2037 1491 2040; x_wconf 73' lang='grc'>,</span> 
     </span>
     <span class='ocr_line' id='line_1_18' title="bbox 280 2077 1431 2164; baseline 0 -22"><span class='ocrx_word' id='word_1_134' title='bbox 280 2079 343 2144; x_wconf 88' lang='lat' dir='ltr'>bus</span> <span class='ocrx_word' id='word_1_135' title='bbox 365 2077 483 2142; x_wconf 84' lang='lat' dir='ltr'>certior</span> <span class='ocrx_word' id='word_1_136' title='bbox 501 2077 606 2142; x_wconf 87' lang='lat' dir='ltr'>factus</span> <span class='ocrx_word' id='word_1_137' title='bbox 626 2100 722 2141; x_wconf 88' lang='lat' dir='ltr'>eram.</span> <span class='ocrx_word' id='word_1_138' title='bbox 759 2077 918 2162; x_wconf 86' lang='lat' dir='ltr'>Pompei</span> <span class='ocrx_word' id='word_1_139' title='bbox 943 2083 1050 2144; x_wconf 90' lang='lat' dir='ltr'>autem</span> <span class='ocrx_word' id='word_1_140' title='bbox 1076 2079 1192 2164; x_wconf 76' lang='lat' dir='ltr'>Trogi</span> <span class='ocrx_word' id='word_1_141' title='bbox 1216 2101 1295 2162; x_wconf 85' lang='lat' dir='ltr'>quae</span> <span class='ocrx_word' id='word_1_142' title='bbox 1322 2099 1431 2162; x_wconf 87' lang='lat' dir='ltr'>super-</span> 
     </span>
     <span class='ocr_line' id='line_1_19' title="bbox 280 2175 1431 2262; baseline -0.001 -21"><span class='ocrx_word' id='word_1_143' title='bbox 280 2180 356 2242; x_wconf 86' lang='lat' dir='ltr'>sunt</span> <span class='ocrx_word' id='word_1_144' title='bbox 378 2197 454 2241; x_wconf 89' lang='lat' dir='ltr'>cum</span> <span class='ocrx_word' id='word_1_145' title='bbox 476 2175 546 2240; x_wconf 89' lang='lat' dir='ltr'>eius</span> <span class='ocrx_word' id='word_1_146' title='bbox 568 2175 752 2240; x_wconf 88' lang='lat' dir='ltr'>breuiatore</span> <span class='ocrx_word' id='word_1_147' title='bbox 777 2175 929 2262; x_wconf 87' lang='lat' dir='ltr'>coniungi</span> <span class='ocrx_word' id='word_1_148' title='bbox 959 2177 1074 2260; x_wconf 88' lang='lat' dir='ltr'>solent,</span> <span class='ocrx_word' id='word_1_149' title='bbox 1100 2181 1139 2242; x_wconf 89' lang='lat' dir='ltr'>ut</span> <span class='ocrx_word' id='word_1_150' title='bbox 1164 2177 1233 2260; x_wconf 88' lang='lat' dir='ltr'>ipse</span> <span class='ocrx_word' id='word_1_151' title='bbox 1264 2175 1291 2240; x_wconf 92' lang='lat' dir='ltr'>ei</span> <span class='ocrx_word' id='word_1_152' title='bbox 1317 2199 1431 2260; x_wconf 88' lang='lat' dir='ltr'>operae</span> 
     </span>
     <span class='ocr_line' id='line_1_20' title="bbox 281 2273 1430 2359; baseline 0 -21"><span class='ocrx_word' id='word_1_153' title='bbox 281 2277 451 2359; x_wconf 80' lang='lat' dir='ltr'>certaeque</span> <span class='ocrx_word' id='word_1_154' title='bbox 483 2273 697 2358; x_wconf 79' lang='lat' dir='ltr'>pepercerim,</span> <span class='ocrx_word' id='word_1_155' title='bbox 725 2275 916 2356; x_wconf 89' lang='lat' dir='ltr'>praesertim</span> <span class='ocrx_word' id='word_1_156' title='bbox 946 2297 1019 2338; x_wconf 90' lang='lat' dir='ltr'>cum</span> <span class='ocrx_word' id='word_1_157' title='bbox 1044 2275 1127 2338; x_wconf 91' lang='lat' dir='ltr'>nihil</span> <span class='ocrx_word' id='word_1_158' title='bbox 1155 2299 1195 2338; x_wconf 81' lang='lat' dir='ltr'>ex</span> <span class='ocrx_word' id='word_1_159' title='bbox 1221 2275 1286 2339; x_wconf 90' lang='lat' dir='ltr'>illis</span> <span class='ocrx_word' id='word_1_160' title='bbox 1318 2275 1355 2338; x_wconf 91' lang='lat' dir='ltr'>ad</span> <span class='ocrx_word' id='word_1_161' title='bbox 1381 2297 1430 2338; x_wconf 86' lang='lat' dir='ltr'>res</span> 
     </span>
     <span class='ocr_line' id='line_1_21' title="bbox 280 2371 638 2456; baseline -0.006 -20"><span class='ocrx_word' id='word_1_162' title='bbox 280 2373 443 2436; x_wconf 84' lang='lat' dir='ltr'>Romanas</span> <span class='ocrx_word' id='word_1_163' title='bbox 467 2371 638 2456; x_wconf 87' lang='lat' dir='ltr'>pertineat.</span> 
     </span>
    </p>

    <p class='ocr_par' dir='ltr' id='par_1_3' title="bbox 192 2467 1432 3443">
     <span class='ocr_line' id='line_1_22' title="bbox 369 2467 1431 2557; baseline 0 -23"><span class='ocrx_word' id='word_1_164' title='bbox 369 2467 509 2535; x_wconf 82' lang='lat' dir='ltr'>Substiti</span> <span class='ocrx_word' id='word_1_165' title='bbox 546 2471 644 2535; x_wconf 86' lang='lat' dir='ltr'>etiam</span> <span class='ocrx_word' id='word_1_166' title='bbox 683 2493 772 2535; x_wconf 88' lang='lat' dir='ltr'>nunc</span> <span class='ocrx_word' id='word_1_167' title='bbox 811 2471 846 2537; x_wconf 88' lang='lat' dir='ltr'>in</span> <span class='ocrx_word' id='word_1_168' title='bbox 887 2469 1079 2557; x_wconf 79' lang='lat' dir='ltr'>fragmentis</span> <span class='ocrx_word' id='word_1_169' title='bbox 1119 2471 1309 2557; x_wconf 77' lang='lat' dir='ltr'>colligendis</span> <span class='ocrx_word' id='word_1_170' title='bbox 1345 2469 1431 2535; x_wconf 87' lang='lat' dir='ltr'>intra</span> 
     </span>
     <span class='ocr_line' id='line_1_23' title="bbox 282 2562 1432 2655; baseline -0.001 -21"><span class='ocrx_word' id='word_1_171' title='bbox 282 2568 486 2634; x_wconf 73' lang='lat' dir='ltr'>Constantini</span> <span class='ocrx_word' id='word_1_172' title='bbox 508 2568 620 2655; x_wconf 83' lang='lat' dir='ltr'>Magni</span> <span class='ocrx_word' id='word_1_173' title='bbox 645 2570 827 2655; x_wconf 88' lang='lat' dir='ltr'>imperium,</span> <span class='ocrx_word' id='word_1_174' title='bbox 850 2570 935 2635; x_wconf 86' lang='lat' dir='ltr'>ultra</span> <span class='ocrx_word' id='word_1_175' title='bbox 961 2570 1046 2655; x_wconf 91' lang='lat' dir='ltr'>quod</span> <span class='ocrx_word' id='word_1_176' title='bbox 1069 2562 1200 2653; x_wconf 83' lang='lat' dir='ltr'>praeter</span> <span class='ocrx_word' id='word_1_177' title='bbox 1221 2592 1340 2653; x_wconf 91' lang='lat' dir='ltr'>paucos</span> <span class='ocrx_word' id='word_1_178' title='bbox 1364 2592 1432 2633; x_wconf 88' lang='lat' dir='ltr'>ecs·</span> 
     </span>
     <span class='ocr_line' id='line_1_24' title="bbox 282 2666 1431 2753; baseline 0.002 -24"><span class='ocrx_word' id='word_1_179' title='bbox 282 2690 344 2751; x_wconf 89' lang='lat' dir='ltr'>que</span> <span class='ocrx_word' id='word_1_180' title='bbox 370 2666 572 2751; x_wconf 77' lang='lat' dir='ltr'>superstites,</span> <span class='ocrx_word' id='word_1_181' title='bbox 600 2667 657 2751; x_wconf 88' lang='lat' dir='ltr'>qui</span> <span class='ocrx_word' id='word_1_182' title='bbox 682 2690 767 2753; x_wconf 77' lang='lat' dir='ltr'>quae</span> <span class='ocrx_word' id='word_1_183' title='bbox 792 2668 849 2733; x_wconf 88' lang='lat' dir='ltr'>aiii</span> <span class='ocrx_word' id='word_1_184' title='bbox 874 2666 1088 2753; x_wconf 87' lang='lat' dir='ltr'>scripsissent,</span> <span class='ocrx_word' id='word_1_185' title='bbox 1110 2670 1146 2735; x_wconf 92' lang='lat' dir='ltr'>in</span> <span class='ocrx_word' id='word_1_186' title='bbox 1168 2668 1328 2753; x_wconf 91' lang='lat' dir='ltr'>epitomas</span> <span class='ocrx_word' id='word_1_187' title='bbox 1350 2666 1431 2731; x_wconf 89' lang='lat' dir='ltr'>redi-</span> 
     </span>
     <span class='ocr_line' id='line_1_25' title="bbox 282 2764 1432 2851; baseline 0 -24"><span class='ocrx_word' id='word_1_188' title='bbox 282 2768 396 2851; x_wconf 84' lang='lat' dir='ltr'>gerent</span> <span class='ocrx_word' id='word_1_189' title='bbox 426 2786 542 2848; x_wconf 87' lang='lat' dir='ltr'>resque</span> <span class='ocrx_word' id='word_1_190' title='bbox 573 2764 710 2831; x_wconf 88' lang='lat' dir='ltr'>traditas</span> <span class='ocrx_word' id='word_1_191' title='bbox 741 2788 843 2849; x_wconf 87' lang='lat' dir='ltr'>usque</span> <span class='ocrx_word' id='word_1_192' title='bbox 875 2768 916 2831; x_wconf 92' lang='lat' dir='ltr'>ad</span> <span class='ocrx_word' id='word_1_193' title='bbox 945 2788 1035 2831; x_wconf 87' lang='lat' dir='ltr'>suam</span> <span class='ocrx_word' id='word_1_194' title='bbox 1063 2770 1202 2831; x_wconf 88' lang='lat' dir='ltr'>aetatem</span> <span class='ocrx_word' id='word_1_195' title='bbox 1231 2768 1432 2849; x_wconf 85' lang='lat' dir='ltr'>supplerent,</span> 
     </span>
     <span class='ocr_line' id='line_1_26' title="bbox 282 2862 1430 2951; baseline 0 -24"><span class='ocrx_word' id='word_1_196' title='bbox 282 2862 386 2927; x_wconf 87' lang='lat' dir='ltr'>omnis</span> <span class='ocrx_word' id='word_1_197' title='bbox 410 2862 547 2927; x_wconf 88' lang='lat' dir='ltr'>historia</span> <span class='ocrx_word' id='word_1_198' title='bbox 569 2864 610 2927; x_wconf 89' lang='lat' dir='ltr'>ad</span> <span class='ocrx_word' id='word_1_199' title='bbox 633 2864 827 2929; x_wconf 89' lang='lat' dir='ltr'>christianos</span> <span class='ocrx_word' id='word_1_200' title='bbox 851 2864 1050 2949; x_wconf 77' lang='lat' dir='ltr'>Graecosque</span> <span class='ocrx_word' id='word_1_201' title='bbox 1076 2864 1237 2951; x_wconf 92' lang='lat' dir='ltr'>migrauit.</span> <span class='ocrx_word' id='word_1_202' title='bbox 1276 2886 1430 2951; x_wconf 90' lang='lat' dir='ltr'>magnum</span> 
     </span>
     <span class='ocr_line' id='line_1_27' title="bbox 282 2960 1432 3049; baseline 0.003 -26"><span class='ocrx_word' id='word_1_203' title='bbox 282 2966 390 3023; x_wconf 89' lang='lat' dir='ltr'>tamen</span> <span class='ocrx_word' id='word_1_204' title='bbox 415 2982 572 3025; x_wconf 87' lang='lat' dir='ltr'>annorum</span> <span class='ocrx_word' id='word_1_205' title='bbox 597 2984 768 3027; x_wconf 88' lang='lat' dir='ltr'>numerum</span> <span class='ocrx_word' id='word_1_206' title='bbox 792 2984 1024 3049; x_wconf 83' lang='lat' dir='ltr'>supergressus</span> <span class='ocrx_word' id='word_1_207' title='bbox 1044 2962 1255 3047; x_wconf 80' lang='lat' dir='ltr'>Symmachus</span> <span class='ocrx_word' id='word_1_208' title='bbox 1279 2966 1311 3025; x_wconf 91' lang='lat' dir='ltr'>et</span> <span class='ocrx_word' id='word_1_209' title='bbox 1334 2960 1432 3027; x_wconf 91' lang='lat' dir='ltr'>Nico-</span> 
     </span>
     <span class='ocr_line' id='line_1_28' title="bbox 283 3060 1432 3148; baseline -0.001 -25"><span class='ocrx_word' id='word_1_210' title='bbox 283 3060 414 3124; x_wconf 88' lang='lat' dir='ltr'>machos</span> <span class='ocrx_word' id='word_1_211' title='bbox 436 3080 611 3143; x_wconf 88' lang='lat' dir='ltr'>eorumque</span> <span class='ocrx_word' id='word_1_212' title='bbox 635 3062 748 3148; x_wconf 87' lang='lat' dir='ltr'>socies,</span> <span class='ocrx_word' id='word_1_213' title='bbox 773 3084 909 3143; x_wconf 90' lang='lat' dir='ltr'>quorum</span> <span class='ocrx_word' id='word_1_214' title='bbox 931 3062 967 3125; x_wconf 93' lang='lat' dir='ltr'>in</span> <span class='ocrx_word' id='word_1_215' title='bbox 988 3060 1112 3125; x_wconf 88' lang='lat' dir='ltr'>familia</span> <span class='ocrx_word' id='word_1_216' title='bbox 1138 3060 1256 3125; x_wconf 89' lang='lat' dir='ltr'>ueteris</span> <span class='ocrx_word' id='word_1_217' title='bbox 1278 3060 1432 3125; x_wconf 89' lang='lat' dir='ltr'>historiae</span> 
     </span>
     <span class='ocr_line' id='line_1_29' title="bbox 283 3158 1431 3245; baseline 0 -24"><span class='ocrx_word' id='word_1_218' title='bbox 283 3158 425 3221; x_wconf 90' lang='lat' dir='ltr'>studium</span> <span class='ocrx_word' id='word_1_219' title='bbox 449 3163 482 3221; x_wconf 90' lang='lat' dir='ltr'>et</span> <span class='ocrx_word' id='word_1_220' title='bbox 499 3158 647 3222; x_wconf 87' lang='lat' dir='ltr'>doctrina</span> <span class='ocrx_word' id='word_1_221' title='bbox 668 3158 820 3245; x_wconf 87' lang='lat' dir='ltr'>effloruit,</span> <span class='ocrx_word' id='word_1_222' title='bbox 844 3158 965 3245; x_wconf 89' lang='lat' dir='ltr'>addidi,</span> <span class='ocrx_word' id='word_1_223' title='bbox 988 3160 1048 3223; x_wconf 89' lang='lat' dir='ltr'>etsi</span> <span class='ocrx_word' id='word_1_224' title='bbox 1074 3182 1111 3223; x_wconf 84' lang='lat' dir='ltr'>ex</span> <span class='ocrx_word' id='word_1_225' title='bbox 1142 3158 1291 3223; x_wconf 91' lang='lat' dir='ltr'>omnibus</span> <span class='ocrx_word' id='word_1_226' title='bbox 1322 3180 1431 3223; x_wconf 90' lang='lat' dir='ltr'>eorum</span> 
     </span>
     <span class='ocr_line' id='line_1_30' title="bbox 276 3254 1430 3345; baseline 0 -26"><span class='ocrx_word' id='word_1_227' title='bbox 276 3254 515 3339; x_wconf 88' lang='lat' dir='ltr'>scriptionibus</span> <span class='ocrx_word' id='word_1_228' title='bbox 531 3278 632 3319; x_wconf 88' lang='lat' dir='ltr'>unum</span> <span class='ocrx_word' id='word_1_229' title='bbox 651 3256 818 3321; x_wconf 87' lang='lat' dir='ltr'>christiani</span> <span class='ocrx_word' id='word_1_230' title='bbox 838 3260 1054 3345; x_wconf 82' lang='lat' dir='ltr'>fragmentum</span> <span class='ocrx_word' id='word_1_231' title='bbox 1076 3280 1151 3323; x_wconf 91' lang='lat' dir='ltr'>suae</span> <span class='ocrx_word' id='word_1_232' title='bbox 1168 3256 1242 3321; x_wconf 90' lang='lat' dir='ltr'>fidei</span> <span class='ocrx_word' id='word_1_233' title='bbox 1264 3256 1430 3341; x_wconf 88' lang='lat' dir='ltr'>scriptoris</span> 
     </span>
     <span class='ocr_line' id='line_1_31' title="bbox 192 3354 971 3443; baseline 0.003 -26"><span class='ocrx_word' id='word_1_234' title='bbox 192 3437 197 3443; x_wconf 88' lang='lat'><em>.</em></span> <span class='ocrx_word' id='word_1_235' title='bbox 284 3354 323 3417; x_wconf 90' lang='lat' dir='ltr'>ad</span> <span class='ocrx_word' id='word_1_236' title='bbox 347 3354 573 3437; x_wconf 88' lang='lat' dir='ltr'>posteritatem</span> <span class='ocrx_word' id='word_1_237' title='bbox 596 3356 767 3437; x_wconf 89' lang='lat' dir='ltr'>peruenire</span> <span class='ocrx_word' id='word_1_238' title='bbox 789 3358 971 3421; x_wconf 89' lang='lat' dir='ltr'>uoluerunt.</span> 
     </span>
    </p>

    <p class='ocr_par' dir='ltr' id='par_1_4' title="bbox 201 3450 1433 3932">
     <span class='ocr_line' id='line_1_32' title="bbox 372 3450 1432 3537; baseline 0 -22"><span class='ocrx_word' id='word_1_239' title='bbox 372 3450 473 3515; x_wconf 90' lang='lat' dir='ltr'>Ordo</span> <span class='ocrx_word' id='word_1_240' title='bbox 498 3450 757 3537; x_wconf 82' lang='lat' dir='ltr'>fragmentorum</span> <span class='ocrx_word' id='word_1_241' title='bbox 787 3453 815 3515; x_wconf 90' lang='lat' dir='ltr'>is</span> <span class='ocrx_word' id='word_1_242' title='bbox 844 3458 963 3537; x_wconf 72' lang='lat' dir='ltr'>estut</span> <span class='ocrx_word' id='word_1_243' title='bbox 985 3476 1127 3537; x_wconf 87' lang='lat' dir='ltr'>eaquae</span> <span class='ocrx_word' id='word_1_244' title='bbox 1156 3452 1252 3515; x_wconf 90' lang='lat' dir='ltr'>certis</span> <span class='ocrx_word' id='word_1_245' title='bbox 1276 3452 1432 3517; x_wconf 86' lang='lat' dir='ltr'>librorum</span> 
     </span>
     <span class='ocr_line' id='line_1_33' title="bbox 283 3548 1433 3634; baseline -0.003 -20"><span class='ocrx_word' id='word_1_246' title='bbox 283 3548 425 3615; x_wconf 85' lang='lat' dir='ltr'>numeris</span> <span class='ocrx_word' id='word_1_247' title='bbox 456 3548 608 3612; x_wconf 87' lang='lat' dir='ltr'>distincta</span> <span class='ocrx_word' id='word_1_248' title='bbox 636 3554 725 3634; x_wconf 90' lang='lat' dir='ltr'>sunt,</span> <span class='ocrx_word' id='word_1_249' title='bbox 752 3550 781 3613; x_wconf 90' lang='lat' dir='ltr'>si</span> <span class='ocrx_word' id='word_1_250' title='bbox 807 3550 843 3617; x_wconf 90' lang='lat' dir='ltr'>in</span> <span class='ocrx_word' id='word_1_251' title='bbox 869 3572 977 3617; x_wconf 89' lang='lat' dir='ltr'>rerum</span> <span class='ocrx_word' id='word_1_252' title='bbox 1006 3554 1191 3617; x_wconf 82' lang='lat' dir='ltr'>contextum</span> <span class='ocrx_word' id='word_1_253' title='bbox 1219 3548 1433 3633; x_wconf 90' lang='lat' dir='ltr'>probabiliter</span> 
     </span>
     <span class='ocr_line' id='line_1_34' title="bbox 285 3644 1430 3733; baseline -0.002 -20"><span class='ocrx_word' id='word_1_254' title='bbox 285 3644 388 3731; x_wconf 87' lang='lat' dir='ltr'>redigi</span> <span class='ocrx_word' id='word_1_255' title='bbox 416 3668 481 3710; x_wconf 90' lang='lat' dir='ltr'>non</span> <span class='ocrx_word' id='word_1_256' title='bbox 507 3646 684 3729; x_wconf 88' lang='lat' dir='ltr'>potuerint,</span> <span class='ocrx_word' id='word_1_257' title='bbox 709 3648 840 3713; x_wconf 90' lang='lat' dir='ltr'>initium</span> <span class='ocrx_word' id='word_1_258' title='bbox 863 3648 992 3733; x_wconf 88' lang='lat' dir='ltr'>faciant,</span> <span class='ocrx_word' id='word_1_259' title='bbox 1018 3652 1123 3713; x_wconf 90' lang='lat' dir='ltr'>cetera</span> <span class='ocrx_word' id='word_1_260' title='bbox 1148 3648 1297 3713; x_wconf 91' lang='lat' dir='ltr'>asterisco</span> <span class='ocrx_word' id='word_1_261' title='bbox 1323 3646 1430 3713; x_wconf 90' lang='lat' dir='ltr'>addito</span> 
     </span>
     <span class='ocr_line' id='line_1_35' title="bbox 284 3746 1433 3831; baseline 0.002 -22"><span class='ocrx_word' id='word_1_262' title='bbox 284 3746 339 3809; x_wconf 86' lang='lat' dir='ltr'>uel</span> <span class='ocrx_word' id='word_1_263' title='bbox 360 3766 469 3809; x_wconf 87' lang='lat' dir='ltr'>rerum</span> <span class='ocrx_word' id='word_1_264' title='bbox 489 3750 692 3831; x_wconf 83' lang='lat' dir='ltr'>narratarum</span> <span class='ocrx_word' id='word_1_265' title='bbox 711 3746 914 3829; x_wconf 88' lang='lat' dir='ltr'>temporibus</span> <span class='ocrx_word' id='word_1_266' title='bbox 932 3748 985 3811; x_wconf 94' lang='lat' dir='ltr'>uel</span> <span class='ocrx_word' id='word_1_267' title='bbox 1006 3746 1146 3809; x_wconf 90' lang='lat' dir='ltr'>auctoris</span> <span class='ocrx_word' id='word_1_268' title='bbox 1165 3748 1271 3811; x_wconf 88' lang='lat' dir='ltr'>aetate</span> <span class='ocrx_word' id='word_1_269' title='bbox 1289 3748 1342 3811; x_wconf 90' lang='lat' dir='ltr'>uel</span> <span class='ocrx_word' id='word_1_270' title='bbox 1360 3746 1433 3829; x_wconf 88' lang='lat' dir='ltr'>alia,</span> 
     </span>
     <span class='ocr_line' id='line_1_36' title="bbox 201 3842 1247 3932; baseline 0 -25"><span class='ocrx_word' id='word_1_271' title='bbox 201 3929 203 3932; x_wconf 16' lang='grc' dir='ltr'>Ι</span> <span class='ocrx_word' id='word_1_272' title='bbox 286 3866 366 3929; x_wconf 85' lang='lat' dir='ltr'>quae</span> <span class='ocrx_word' id='word_1_273' title='bbox 390 3844 556 3909; x_wconf 89' lang='lat' dir='ltr'>commoda</span> <span class='ocrx_word' id='word_1_274' title='bbox 579 3842 677 3907; x_wconf 87' lang='lat' dir='ltr'>fuerit</span> <span class='ocrx_word' id='word_1_275' title='bbox 702 3866 797 3909; x_wconf 86' lang='lat' dir='ltr'>causa</span> <span class='ocrx_word' id='word_1_276' title='bbox 821 3844 978 3927; x_wconf 89' lang='lat' dir='ltr'>disposita</span> <span class='ocrx_word' id='word_1_277' title='bbox 1003 3844 1247 3929; x_wconf 87' lang='lat' dir='ltr'>subsequantur.</span> 
     </span>
    </p>

    <p class='ocr_par' dir='ltr' id='par_1_5' title="bbox 285 3941 1434 4421">
     <span class='ocr_line' id='line_1_37' title="bbox 372 3941 1434 4025; baseline 0.002 -20"><span class='ocrx_word' id='word_1_278' title='bbox 372 3941 423 4007; x_wconf 92' lang='lat' dir='ltr'>De</span> <span class='ocrx_word' id='word_1_279' title='bbox 450 3942 495 4006; x_wconf 88' lang='lat' dir='ltr'>eis</span> <span class='ocrx_word' id='word_1_280' title='bbox 524 3942 768 4007; x_wconf 88' lang='lat' dir='ltr'>recensendis</span> <span class='ocrx_word' id='word_1_281' title='bbox 796 3942 953 4025; x_wconf 89' lang='lat' dir='ltr'>optimam</span> <span class='ocrx_word' id='word_1_282' title='bbox 983 3964 1143 4025; x_wconf 88' lang='lat' dir='ltr'>quemque</span> <span class='ocrx_word' id='word_1_283' title='bbox 1166 3942 1340 4007; x_wconf 87' lang='lat' dir='ltr'>editionem</span> <span class='ocrx_word' id='word_1_284' title='bbox 1362 3966 1434 4007; x_wconf 90' lang='lat' dir='ltr'>auc-</span> 
     </span>
     <span class='ocr_line' id='line_1_38' title="bbox 285 4040 1433 4125; baseline -0.002 -20"><span class='ocrx_word' id='word_1_285' title='bbox 285 4040 517 4125; x_wconf 88' lang='lat' dir='ltr'>toritatemque</span> <span class='ocrx_word' id='word_1_286' title='bbox 540 4040 605 4103; x_wconf 89' lang='lat' dir='ltr'>adii</span> <span class='ocrx_word' id='word_1_287' title='bbox 622 4044 722 4123; x_wconf 91' lang='lat' dir='ltr'>atque</span> <span class='ocrx_word' id='word_1_288' title='bbox 739 4041 927 4123; x_wconf 89' lang='lat' dir='ltr'>adparatum</span> <span class='ocrx_word' id='word_1_289' title='bbox 948 4040 1094 4105; x_wconf 85' lang='lat' dir='ltr'>criticum</span> <span class='ocrx_word' id='word_1_290' title='bbox 1116 4040 1163 4103; x_wconf 92' lang='lat' dir='ltr'>ita</span> <span class='ocrx_word' id='word_1_291' title='bbox 1186 4040 1373 4125; x_wconf 89' lang='lat' dir='ltr'>subscripsi,</span> <span class='ocrx_word' id='word_1_292' title='bbox 1398 4046 1433 4105; x_wconf 90' lang='lat' dir='ltr'>ut</span> 
     </span>
     <span class='ocr_line' id='line_1_39' title="bbox 286 4138 1432 4223; baseline 0.002 -22"><span class='ocrx_word' id='word_1_293' title='bbox 286 4138 366 4203; x_wconf 84' lang='lat' dir='ltr'>alios</span> <span class='ocrx_word' id='word_1_294' title='bbox 388 4138 490 4203; x_wconf 90' lang='lat' dir='ltr'>libros</span> <span class='ocrx_word' id='word_1_295' title='bbox 507 4138 658 4204; x_wconf 79' lang='lat' dir='ltr'>euoluere</span> <span class='ocrx_word' id='word_1_296' title='bbox 675 4160 741 4203; x_wconf 89' lang='lat' dir='ltr'>non</span> <span class='ocrx_word' id='word_1_297' title='bbox 758 4160 888 4205; x_wconf 88' lang='lat' dir='ltr'>neeesse</span> <span class='ocrx_word' id='word_1_298' title='bbox 910 4144 998 4203; x_wconf 86' lang='lat' dir='ltr'>esset.</span> <span class='ocrx_word' id='word_1_299' title='bbox 1034 4138 1107 4203; x_wconf 91' lang='lat' dir='ltr'>hinc</span> <span class='ocrx_word' id='word_1_300' title='bbox 1126 4160 1236 4203; x_wconf 91' lang='lat' dir='ltr'>eorum</span> <span class='ocrx_word' id='word_1_301' title='bbox 1257 4160 1432 4223; x_wconf 89' lang='lat' dir='ltr'>pancorum</span> 
     </span>
     <span class='ocr_line' id='line_1_40' title="bbox 285 4236 1432 4323; baseline 0.001 -22"><span class='ocrx_word' id='word_1_302' title='bbox 285 4238 552 4323; x_wconf 87' lang='lat' dir='ltr'>fragmentorum,</span> <span class='ocrx_word' id='word_1_303' title='bbox 590 4260 728 4321; x_wconf 88' lang='lat' dir='ltr'>quorum</span> <span class='ocrx_word' id='word_1_304' title='bbox 764 4238 835 4321; x_wconf 88' lang='lat' dir='ltr'>ipsa</span> <span class='ocrx_word' id='word_1_305' title='bbox 871 4236 972 4301; x_wconf 90' lang='lat' dir='ltr'>uerba</span> <span class='ocrx_word' id='word_1_306' title='bbox 1011 4240 1137 4301; x_wconf 89' lang='lat' dir='ltr'>seruata</span> <span class='ocrx_word' id='word_1_307' title='bbox 1173 4242 1262 4323; x_wconf 91' lang='lat' dir='ltr'>sunt,</span> <span class='ocrx_word' id='word_1_308' title='bbox 1293 4236 1432 4301; x_wconf 87' lang='lat' dir='ltr'>uarietas</span> 
     </span>
     <span class='ocr_line' id='line_1_41' title="bbox 288 4334 1432 4421; baseline -0.002 -22"><span class='ocrx_word' id='word_1_309' title='bbox 288 4335 466 4417; x_wconf 87' lang='lat' dir='ltr'>scripturae</span> <span class='ocrx_word' id='word_1_310' title='bbox 496 4335 594 4417; x_wconf 90' lang='lat' dir='ltr'>plena</span> <span class='ocrx_word' id='word_1_311' title='bbox 624 4340 754 4419; x_wconf 86' lang='lat' dir='ltr'>praesto</span> <span class='ocrx_word' id='word_1_312' title='bbox 789 4340 848 4421; x_wconf 91' lang='lat' dir='ltr'>est,</span> <span class='ocrx_word' id='word_1_313' title='bbox 878 4334 1025 4419; x_wconf 87' lang='lat' dir='ltr'>aliorum,</span> <span class='ocrx_word' id='word_1_314' title='bbox 1045 4348 1134 4417; x_wconf 86' lang='lat' dir='ltr'>&#39;quae</span> <span class='ocrx_word' id='word_1_315' title='bbox 1160 4334 1291 4399; x_wconf 88' lang='lat' dir='ltr'>nomina</span> <span class='ocrx_word' id='word_1_316' title='bbox 1318 4356 1432 4419; x_wconf 89' lang='lat' dir='ltr'>resque</span> 
     </span>
    </p>
   </div>
   <div class='ocr_carea' id='block_1_3' title="bbox 0 0 1629 4950">
    <p class='ocr_par' dir='ltr' id='par_1_6' title="bbox 0 0 1629 4950">
     <span class='ocr_line' id='line_1_42' title="bbox 0 0 1629 4950; baseline 0 0"><span class='ocrx_word' id='word_1_317' title='bbox 0 0 1629 4950; x_wconf 95' lang='lat' dir='ltr'> </span> 
     </span>
    </p>
   </div>
  </div>
 </body>
</html>
