<?xml version="1.0" encoding="UTF-8"?>
<!DOCTYPE html PUBLIC "-//W3C//DTD XHTML 1.0 Transitional//EN"
    "http://www.w3.org/TR/xhtml1/DTD/xhtml1-transitional.dtd">
<html xmlns="http://www.w3.org/1999/xhtml" xml:lang="en" lang="en">
 <head>
  <title>
</title>
<meta http-equiv="Content-Type" content="text/html;charset=utf-8" />
  <meta name='ocr-system' content='tesseract 3.04.00' />
  <meta name='ocr-capabilities' content='ocr_page ocr_carea ocr_par ocr_line ocrx_word'/>
</head>
<body>
  <div class='ocr_page' id='page_1' title='image "./historicorumrom03petegoog_0359.png"; bbox 0 0 3234 4950; ppageno 0'>
   <div class='ocr_carea' id='block_1_1' title="bbox 471 384 1360 449">
    <p class='ocr_par' dir='ltr' id='par_1_1' title="bbox 471 384 1360 449">
     <span class='ocr_line' id='line_1_1' title="bbox 471 384 1360 449; baseline 0.01 -12"><span class='ocrx_word' id='word_1_1' title='bbox 471 384 616 437; x_wconf 82' lang='lat' dir='ltr'>AanLn</span> <span class='ocrx_word' id='word_1_2' title='bbox 633 384 721 437; x_wconf 71' lang='lat' dir='ltr'>VITA</span> <span class='ocrx_word' id='word_1_3' title='bbox 740 384 954 437; x_wconf 80' lang='lat' dir='ltr'>ALEXANDRI</span> <span class='ocrx_word' id='word_1_4' title='bbox 974 384 1104 438; x_wconf 80' lang='lat' dir='ltr'>SEVERI</span> <span class='ocrx_word' id='word_1_5' title='bbox 1298 385 1360 449; x_wconf 86' lang='grc'>141</span> 
     </span>
    </p>
   </div>
   <div class='ocr_carea' id='block_1_2' title="bbox 185 548 1450 1125">
    <p class='ocr_par' dir='ltr' id='par_1_2' title="bbox 185 548 1450 1125">
     <span class='ocr_line' id='line_1_2' title="bbox 305 548 1362 632; baseline 0.002 -21"><span class='ocrx_word' id='word_1_6' title='bbox 305 548 361 615; x_wconf 63' lang='lat'>2²³⁶.</span> <span class='ocrx_word' id='word_1_7' title='bbox 384 552 760 629; x_wconf 58' lang='lat' dir='ltr'>[campaniensem</span> <span class='ocrx_word' id='word_1_8' title='bbox 800 554 866 612; x_wconf 82' lang='lat' dir='ltr'>Scio</span> <span class='ocrx_word' id='word_1_9' title='bbox 900 554 1021 629; x_wconf 79' lang='lat' dir='ltr'>uulgum</span> <span class='ocrx_word' id='word_1_10' title='bbox 1053 554 1129 613; x_wconf 89' lang='lat' dir='ltr'>hanc</span> <span class='ocrx_word' id='word_1_11' title='bbox 1165 572 1240 632; x_wconf 77' lang='lat' dir='ltr'>rem,</span> <span class='ocrx_word' id='word_1_12' title='bbox 1275 572 1362 632; x_wconf 85' lang='lat' dir='ltr'>quarn</span> 
     </span>
     <span class='ocr_line' id='line_1_3' title="bbox 212 650 1450 731; baseline 0 -20"><span class='ocrx_word' id='word_1_13' title='bbox 212 654 351 711; x_wconf 84' lang='lat' dir='ltr'>contexui</span> <span class='ocrx_word' id='word_1_14' title='bbox 376 650 427 729; x_wconf 71' lang='lat' dir='ltr'>lde</span> <span class='ocrx_word' id='word_1_15' title='bbox 455 650 563 713; x_wconf 83' lang='lat' dir='ltr'>Ouinio</span> <span class='ocrx_word' id='word_1_16' title='bbox 593 650 743 731; x_wconf 73' lang='lat' dir='ltr'>Camillol,</span> <span class='ocrx_word' id='word_1_17' title='bbox 773 652 892 711; x_wconf 84' lang='lat' dir='ltr'>Traiani</span> <span class='ocrx_word' id='word_1_18' title='bbox 919 658 1024 731; x_wconf 85' lang='lat' dir='ltr'>putare</span> <span class='ocrx_word' id='word_1_19' title='bbox 1048 686 1099 711; x_wconf 73' lang='lat'>—.</span> <span class='ocrx_word' id='word_1_20' title='bbox 1127 661 1232 713; x_wconf 87' lang='lat' dir='ltr'>eontra</span> <span class='ocrx_word' id='word_1_21' title='bbox 1263 660 1362 713; x_wconf 87' lang='lat' dir='ltr'>entem</span> <span class='ocrx_word' id='word_1_22' title='bbox 1385 655 1450 709; x_wconf 82' lang='lat' dir='ltr'>fr.2</span> 
     </span>
     <span class='ocr_line' id='line_1_4' title="bbox 212 750 1450 829; baseline 0.002 -20"><span class='ocrx_word' id='word_1_23' title='bbox 212 758 242 809; x_wconf 89' lang='lat' dir='ltr'>et</span> <span class='ocrx_word' id='word_1_24' title='bbox 265 750 426 829; x_wconf 79' lang='lat' dir='ltr'><strong>Septimius</strong></span> <span class='ocrx_word' id='word_1_25' title='bbox 454 760 483 809; x_wconf 89' lang='lat' dir='ltr'>et</span> <span class='ocrx_word' id='word_1_26' title='bbox 505 750 643 811; x_wconf 76' lang='lat' dir='ltr'>Acholius</span> <span class='ocrx_word' id='word_1_27' title='bbox 675 760 702 813; x_wconf 91' lang='lat' dir='ltr'>et</span> <span class='ocrx_word' id='word_1_28' title='bbox 727 750 885 829; x_wconf 77' lang='lat' dir='ltr'>Encolpius</span> <span class='ocrx_word' id='word_1_29' title='bbox 916 752 1065 827; x_wconf 82' lang='lat' dir='ltr'>ceterique</span> <span class='ocrx_word' id='word_1_30' title='bbox 1095 752 1174 811; x_wconf 89' lang='lat' dir='ltr'>uitae</span> <span class='ocrx_word' id='word_1_31' title='bbox 1198 752 1361 829; x_wconf 76' lang='lat' dir='ltr'>scriptores</span> <span class='ocrx_word' id='word_1_32' title='bbox 1385 754 1450 807; x_wconf 67' lang='lat' dir='ltr'>fea</span> 
     </span>
     <span class='ocr_line' id='line_1_5' title="bbox 213 848 702 927; baseline 0.01 -20"><span class='ocrx_word' id='word_1_33' title='bbox 213 848 248 907; x_wconf 93' lang='lat' dir='ltr'>de</span> <span class='ocrx_word' id='word_1_34' title='bbox 272 848 327 909; x_wconf 91' lang='lat' dir='ltr'>hoc</span> <span class='ocrx_word' id='word_1_35' title='bbox 353 848 422 909; x_wconf 87' lang='lat' dir='ltr'>talia</span> <span class='ocrx_word' id='word_1_36' title='bbox 444 848 702 927; x_wconf 88' lang='lat' dir='ltr'>praedicanerunt.</span> 
     </span>
     <span class='ocr_line' id='line_1_6' title="bbox 185 942 1360 1025; baseline 0.001 -18"><span class='ocrx_word' id='word_1_37' title='bbox 185 974 195 1013; x_wconf 75' lang='grc'>3</span> <span class='ocrx_word' id='word_1_38' title='bbox 303 942 360 1009; x_wconf 61' lang='lat' dir='ltr'>ilii.</span> <span class='ocrx_word' id='word_1_39' title='bbox 384 948 759 1025; x_wconf 55' lang='lat' dir='ltr'>comparatricem</span> <span class='ocrx_word' id='word_1_40' title='bbox 794 950 904 1007; x_wconf 87' lang='lat' dir='ltr'>Rerum</span> <span class='ocrx_word' id='word_1_41' title='bbox 929 950 1071 1007; x_wconf 88' lang='lat' dir='ltr'>memoria</span> <span class='ocrx_word' id='word_1_42' title='bbox 1098 947 1144 1025; x_wconf 84' lang='lat' dir='ltr'>[tn</span> <span class='ocrx_word' id='word_1_43' title='bbox 1168 950 1360 1025; x_wconf 77' lang='lat' dir='ltr'>Atecendro]</span> 
     </span>
     <span class='ocr_line' id='line_1_7' title="bbox 212 1046 1166 1125; baseline 0.003 -22"><span class='ocrx_word' id='word_1_44' title='bbox 212 1046 378 1123; x_wconf 78' lang='lat' dir='ltr'>singularis,</span> <span class='ocrx_word' id='word_1_45' title='bbox 403 1064 491 1125; x_wconf 77' lang='lat' dir='ltr'>apuam</span> <span class='ocrx_word' id='word_1_46' title='bbox 514 1052 700 1109; x_wconf 78' lang='lat' dir='ltr'>mnemonico</span> <span class='ocrx_word' id='word_1_47' title='bbox 726 1046 865 1108; x_wconf 80' lang='lat' dir='ltr'>Acholius</span> <span class='ocrx_word' id='word_1_48' title='bbox 888 1046 1003 1108; x_wconf 82' lang='lat' dir='ltr'>ferebat</span> <span class='ocrx_word' id='word_1_49' title='bbox 1028 1046 1166 1107; x_wconf 87' lang='lat' dir='ltr'>adiutam.</span> 
     </span>
    </p>
   </div>
   <div class='ocr_carea' id='block_1_3' title="bbox 734 1200 842 1259">
    <p class='ocr_par' dir='ltr' id='par_1_3' title="bbox 734 1200 842 1259">
     <span class='ocr_line' id='line_1_8' title="bbox 734 1200 842 1259; baseline 0 0"><span class='ocrx_word' id='word_1_50' title='bbox 734 1200 842 1259; x_wconf 73' lang='lat' dir='ltr'>ACTA</span> 
     </span>
    </p>
   </div>
   <div class='ocr_carea' id='block_1_4' title="bbox 167 1320 1450 3870">
    <p class='ocr_par' dir='ltr' id='par_1_4' title="bbox 209 1320 1362 1601">
     <span class='ocr_line' id='line_1_9' title="bbox 302 1320 1361 1403; baseline 0 -18"><span class='ocrx_word' id='word_1_51' title='bbox 302 1320 333 1385; x_wconf 85' lang='lat'>4.</span> <span class='ocrx_word' id='word_1_52' title='bbox 367 1326 482 1403; x_wconf 76' lang='lat' dir='ltr'>Vopise</span> <span class='ocrx_word' id='word_1_53' title='bbox 501 1328 605 1385; x_wconf 80' lang='lat' dir='ltr'>Aurei.</span> <span class='ocrx_word' id='word_1_54' title='bbox 626 1324 718 1401; x_wconf 81' lang='lat'><em>12,3</em></span> <span class='ocrx_word' id='word_1_55' title='bbox 749 1322 788 1385; x_wconf 82' lang='lat' dir='ltr'>Et</span> <span class='ocrx_word' id='word_1_56' title='bbox 814 1328 954 1403; x_wconf 82' lang='lat' dir='ltr'>quoniam</span> <span class='ocrx_word' id='word_1_57' title='bbox 987 1328 1075 1385; x_wconf 88' lang='lat' dir='ltr'>etiam</span> <span class='ocrx_word' id='word_1_58' title='bbox 1109 1326 1144 1385; x_wconf 88' lang='lat' dir='ltr'>de</span> <span class='ocrx_word' id='word_1_59' title='bbox 1173 1324 1361 1403; x_wconf 76' lang='lat' dir='ltr'>adrogatione</span> 
     </span>
     <span class='ocr_line' id='line_1_10' title="bbox 214 1422 1362 1503; baseline -0.001 -20"><span class='ocrx_word' id='word_1_60' title='bbox 214 1426 277 1483; x_wconf 91' lang='lat' dir='ltr'>eius</span> <span class='ocrx_word' id='word_1_61' title='bbox 305 1422 492 1499; x_wconf 78' lang='lat' dir='ltr'>[Aureliani]</span> <span class='ocrx_word' id='word_1_62' title='bbox 517 1424 614 1499; x_wconf 88' lang='lat' dir='ltr'>aliqua</span> <span class='ocrx_word' id='word_1_63' title='bbox 642 1442 689 1481; x_wconf 87' lang='lat' dir='ltr'>me</span> <span class='ocrx_word' id='word_1_64' title='bbox 721 1422 853 1482; x_wconf 76' lang='lat' dir='ltr'>dixeram</span> <span class='ocrx_word' id='word_1_65' title='bbox 878 1426 1054 1503; x_wconf 79' lang='lat' dir='ltr'>positurum,</span> <span class='ocrx_word' id='word_1_66' title='bbox 1085 1444 1161 1503; x_wconf 85' lang='lat' dir='ltr'>qnae</span> <span class='ocrx_word' id='word_1_67' title='bbox 1187 1424 1362 1485; x_wconf 85' lang='lat' dir='ltr'>adtentum</span> 
     </span>
     <span class='ocr_line' id='line_1_11' title="bbox 209 1522 1361 1601; baseline 0.002 -20"><span class='ocrx_word' id='word_1_68' title='bbox 209 1524 376 1601; x_wconf 89' lang='lat' dir='ltr'>principem</span> <span class='ocrx_word' id='word_1_69' title='bbox 404 1522 602 1601; x_wconf 72' lang='lat' dir='ltr'>pertinerent,</span> <span class='ocrx_word' id='word_1_70' title='bbox 629 1538 738 1601; x_wconf 86' lang='lat' dir='ltr'>quaeso</span> <span class='ocrx_word' id='word_1_71' title='bbox 766 1540 804 1581; x_wconf 90' lang='lat' dir='ltr'>ne</span> <span class='ocrx_word' id='word_1_72' title='bbox 833 1522 964 1583; x_wconf 82' lang='lat' dir='ltr'>odiosior</span> <span class='ocrx_word' id='word_1_73' title='bbox 992 1522 1186 1583; x_wconf 88' lang='lat' dir='ltr'>uerbosiorne</span> <span class='ocrx_word' id='word_1_74' title='bbox 1216 1526 1246 1583; x_wconf 91' lang='lat' dir='ltr'>in</span> <span class='ocrx_word' id='word_1_75' title='bbox 1271 1542 1304 1583; x_wconf 91' lang='lat' dir='ltr'>ea</span> <span class='ocrx_word' id='word_1_76' title='bbox 1329 1542 1361 1583; x_wconf 89' lang='lat' dir='ltr'>re</span> 
     </span>
    </p>

    <p class='ocr_par' dir='ltr' id='par_1_5' title="bbox 171 1620 1450 2093">
     <span class='ocr_line' id='line_1_12' title="bbox 171 1620 1362 1701; baseline 0.002 -22"><span class='ocrx_word' id='word_1_77' title='bbox 171 1642 195 1679; x_wconf 88' lang='lat'>10</span> <span class='ocrx_word' id='word_1_78' title='bbox 209 1620 321 1699; x_wconf 77' lang='lat' dir='ltr'>uidear,</span> <span class='ocrx_word' id='word_1_79' title='bbox 346 1640 434 1701; x_wconf 87' lang='lat' dir='ltr'>quam</span> <span class='ocrx_word' id='word_1_80' title='bbox 457 1620 527 1679; x_wconf 87' lang='lat' dir='ltr'>fidei</span> <span class='ocrx_word' id='word_1_81' title='bbox 552 1638 637 1679; x_wconf 89' lang='lat' dir='ltr'>causa</span> <span class='ocrx_word' id='word_1_82' title='bbox 663 1620 854 1679; x_wconf 85' lang='lat' dir='ltr'>inserendam</span> <span class='ocrx_word' id='word_1_83' title='bbox 876 1620 990 1680; x_wconf 91' lang='lat' dir='ltr'>credidi</span> <span class='ocrx_word' id='word_1_84' title='bbox 1014 1640 1049 1679; x_wconf 85' lang='lat' dir='ltr'>ex</span> <span class='ocrx_word' id='word_1_85' title='bbox 1072 1620 1159 1681; x_wconf 92' lang='lat' dir='ltr'>libris</span> <span class='ocrx_word' id='word_1_86' title='bbox 1179 1622 1291 1701; x_wconf 77' lang='lat' dir='ltr'>Acholi‚</span> <span class='ocrx_word' id='word_1_87' title='bbox 1310 1624 1362 1699; x_wconf 80' lang='lat' dir='ltr'>qui</span> 
     </span>
     <span class='ocr_line' id='line_1_13' title="bbox 209 1718 1361 1797; baseline 0.002 -18"><span class='ocrx_word' id='word_1_88' title='bbox 209 1722 351 1797; x_wconf 81' lang='lat' dir='ltr'>inagistcr</span> <span class='ocrx_word' id='word_1_89' title='bbox 374 1718 587 1779; x_wconf 86' lang='lat' dir='ltr'>admissionum</span> <span class='ocrx_word' id='word_1_90' title='bbox 608 1718 754 1779; x_wconf 83' lang='lat' dir='ltr'>Valeriani</span> <span class='ocrx_word' id='word_1_91' title='bbox 778 1720 924 1797; x_wconf 87' lang='lat' dir='ltr'>principis</span> <span class='ocrx_word' id='word_1_92' title='bbox 947 1718 1010 1797; x_wconf 76' lang='lat' dir='ltr'>luit,</span> <span class='ocrx_word' id='word_1_93' title='bbox 1039 1718 1114 1779; x_wconf 89' lang='lat' dir='ltr'>lihrn</span> <span class='ocrx_word' id='word_1_94' title='bbox 1138 1729 1273 1781; x_wconf 89' lang='lat' dir='ltr'>actorum</span> <span class='ocrx_word' id='word_1_95' title='bbox 1296 1722 1361 1781; x_wconf 90' lang='lat' dir='ltr'>eius</span> 
     </span>
     <span class='ocr_line' id='line_1_14' title="bbox 209 1798 1450 1897; baseline -0.002 -20"><span class='ocrx_word' id='word_1_96' title='bbox 209 1836 301 1877; x_wconf 83' lang='lat' dir='ltr'>norro:</span> <span class='ocrx_word' id='word_1_97' title='bbox 324 1818 398 1877; x_wconf 86' lang='lat' dir='ltr'>Cum</span> <span class='ocrx_word' id='word_1_98' title='bbox 424 1816 608 1879; x_wconf 77' lang='lat' dir='ltr'>consedisset</span> <span class='ocrx_word' id='word_1_99' title='bbox 629 1816 803 1878; x_wconf 85' lang='lat' dir='ltr'>Valerianus</span> <span class='ocrx_word' id='word_1_100' title='bbox 827 1818 978 1895; x_wconf 81' lang='lat' dir='ltr'>Augustus</span> <span class='ocrx_word' id='word_1_101' title='bbox 1000 1820 1033 1877; x_wconf 93' lang='lat' dir='ltr'>in</span> <span class='ocrx_word' id='word_1_102' title='bbox 1055 1818 1181 1879; x_wconf 86' lang='lat' dir='ltr'>thermis</span> <span class='ocrx_word' id='word_1_103' title='bbox 1205 1819 1284 1897; x_wconf 89' lang='lat' dir='ltr'>apud</span> <span class='ocrx_word' id='word_1_104' title='bbox 1304 1820 1360 1897; x_wconf 80' lang='lat' dir='ltr'>By·</span> <span class='ocrx_word' id='word_1_105' title='bbox 1378 1798 1450 1875; x_wconf 49' lang='lat'>25⁸-</span> 
     </span>
     <span class='ocr_line' id='line_1_15' title="bbox 209 1887 1414 1997; baseline 0.003 -24"><span class='ocrx_word' id='word_1_106' title='bbox 209 1918 348 1995; x_wconf 76' lang='lat' dir='ltr'>zantium‚</span> <span class='ocrx_word' id='word_1_107' title='bbox 372 1924 528 1997; x_wconf 87' lang='lat' dir='ltr'>praesente</span> <span class='ocrx_word' id='word_1_108' title='bbox 555 1918 694 1995; x_wconf 75' lang='lat' dir='ltr'>exercito,</span> <span class='ocrx_word' id='word_1_109' title='bbox 726 1924 880 1993; x_wconf 88' lang='lat' dir='ltr'>praesente</span> <span class='ocrx_word' id='word_1_110' title='bbox 907 1918 995 1975; x_wconf 88' lang='lat' dir='ltr'>etiam</span> <span class='ocrx_word' id='word_1_111' title='bbox 1018 1916 1116 1975; x_wconf 86' lang='lat' dir='ltr'>olticio</span> <span class='ocrx_word' id='word_1_112' title='bbox 1139 1916 1282 1994; x_wconf 84' lang='lat' dir='ltr'>Palatino,</span> <span class='ocrx_word' id='word_1_113' title='bbox 1310 1918 1360 1977; x_wconf 91' lang='lat' dir='ltr'>ad·</span> <span class='ocrx_word' id='word_1_114' title='bbox 1380 1887 1414 1935; x_wconf 68' lang='lat'>1⁰</span> 
     </span>
     <span class='ocr_line' id='line_1_16' title="bbox 209 2012 1360 2093; baseline -0.001 -20"><span class='ocrx_word' id='word_1_115' title='bbox 209 2014 375 2075; x_wconf 87' lang='lat' dir='ltr'>sidentibus</span> <span class='ocrx_word' id='word_1_116' title='bbox 389 2016 527 2075; x_wconf 86' lang='lat' dir='ltr'>hlammio</span> <span class='ocrx_word' id='word_1_117' title='bbox 544 2014 636 2075; x_wconf 85' lang='lat' dir='ltr'>Tusco</span> <span class='ocrx_word' id='word_1_118' title='bbox 659 2012 779 2075; x_wconf 88' lang='lat' dir='ltr'>consule</span> <span class='ocrx_word' id='word_1_119' title='bbox 796 2013 954 2093; x_wconf 76' lang='lat' dir='ltr'>ordinario,</span> <span class='ocrx_word' id='word_1_120' title='bbox 970 2014 1079 2075; x_wconf 80' lang='lat' dir='ltr'>baebio</span> <span class='ocrx_word' id='word_1_121' title='bbox 1095 2014 1191 2075; x_wconf 83' lang='lat' dir='ltr'>Macro</span> <span class='ocrx_word' id='word_1_122' title='bbox 1211 2016 1360 2093; x_wconf 87' lang='lat' dir='ltr'>praelecto</span> 
     </span>
    </p>

    <p class='ocr_par' dir='ltr' id='par_1_6' title="bbox 170 2112 1361 2586">
     <span class='ocr_line' id='line_1_17' title="bbox 170 2112 1361 2193; baseline 0.002 -22"><span class='ocrx_word' id='word_1_123' title='bbox 170 2132 193 2171; x_wconf 81' lang='lat' dir='ltr'>ro</span> <span class='ocrx_word' id='word_1_124' title='bbox 208 2116 360 2193; x_wconf 73' lang='lat' dir='ltr'>praetorii,</span> <span class='ocrx_word' id='word_1_125' title='bbox 383 2114 492 2183; x_wconf 84' lang='lat' dir='ltr'>Quinto</span> <span class='ocrx_word' id='word_1_126' title='bbox 515 2112 639 2173; x_wconf 91' lang='lat' dir='ltr'>Ancario</span> <span class='ocrx_word' id='word_1_127' title='bbox 672 2112 808 2193; x_wconf 89' lang='lat' dir='ltr'>praeside</span> <span class='ocrx_word' id='word_1_128' title='bbox 833 2112 976 2190; x_wconf 69' lang='lat' dir='ltr'>Orientis</span> <span class='ocrx_word' id='word_1_129' title='bbox 1004 2112 1207 2173; x_wconf 78' lang='lat' dir='ltr'>adsidentibus</span> <span class='ocrx_word' id='word_1_130' title='bbox 1232 2114 1320 2173; x_wconf 90' lang='lat' dir='ltr'>etiam</span> <span class='ocrx_word' id='word_1_131' title='bbox 1346 2134 1361 2173; x_wconf 86' lang='lat' dir='ltr'>a</span> 
     </span>
     <span class='ocr_line' id='line_1_18' title="bbox 207 2210 1360 2289; baseline 0.002 -18"><span class='ocrx_word' id='word_1_132' title='bbox 207 2220 292 2289; x_wconf 91' lang='lat' dir='ltr'>parte</span> <span class='ocrx_word' id='word_1_133' title='bbox 315 2212 399 2273; x_wconf 90' lang='grc'><strong>13333</strong></span> <span class='ocrx_word' id='word_1_134' title='bbox 423 2212 549 2273; x_wconf 90' lang='lat' dir='ltr'>Auulnio</span> <span class='ocrx_word' id='word_1_135' title='bbox 573 2210 735 2271; x_wconf 87' lang='lat' dir='ltr'>Saturnino</span> <span class='ocrx_word' id='word_1_136' title='bbox 759 2210 891 2289; x_wconf 77' lang='lat' dir='ltr'>Scythici</span> <span class='ocrx_word' id='word_1_137' title='bbox 915 2212 1018 2271; x_wconf 87' lang='lat' dir='ltr'>limitis</span> <span class='ocrx_word' id='word_1_138' title='bbox 1043 2210 1117 2271; x_wconf 88' lang='lat' dir='ltr'>duce</span> <span class='ocrx_word' id='word_1_139' title='bbox 1144 2223 1173 2273; x_wconf 91' lang='lat' dir='ltr'>et</span> <span class='ocrx_word' id='word_1_140' title='bbox 1194 2210 1360 2273; x_wconf 88' lang='lat' dir='ltr'>Murrentio</span> 
     </span>
     <span class='ocr_line' id='line_1_19' title="bbox 207 2308 1361 2389; baseline 0 -20"><span class='ocrx_word' id='word_1_141' title='bbox 207 2308 351 2369; x_wconf 76' lang='lat' dir='ltr'>Mauricio</span> <span class='ocrx_word' id='word_1_142' title='bbox 375 2310 411 2369; x_wconf 91' lang='lat' dir='ltr'>ad</span> <span class='ocrx_word' id='word_1_143' title='bbox 434 2310 597 2389; x_wconf 80' lang='lat' dir='ltr'>Aegyptum</span> <span class='ocrx_word' id='word_1_144' title='bbox 622 2308 776 2387; x_wconf 82' lang='lat' dir='ltr'>destinate,</span> <span class='ocrx_word' id='word_1_145' title='bbox 800 2310 874 2369; x_wconf 90' lang='lat' dir='ltr'>lulio</span> <span class='ocrx_word' id='word_1_146' title='bbox 899 2310 1057 2388; x_wconf 78' lang='lat' dir='ltr'>Tryphone</span> <span class='ocrx_word' id='word_1_147' title='bbox 1081 2310 1234 2371; x_wconf 89' lang='lat' dir='ltr'>orientalis</span> <span class='ocrx_word' id='word_1_148' title='bbox 1256 2310 1361 2369; x_wconf 91' lang='lat' dir='ltr'>limitis</span> 
     </span>
     <span class='ocr_line' id='line_1_20' title="bbox 209 2408 1358 2490; baseline 0.002 -23"><span class='ocrx_word' id='word_1_149' title='bbox 209 2408 282 2467; x_wconf 91' lang='lat' dir='ltr'>duce</span> <span class='ocrx_word' id='word_1_150' title='bbox 317 2416 346 2469; x_wconf 90' lang='lat' dir='ltr'>et</span> <span class='ocrx_word' id='word_1_151' title='bbox 373 2408 485 2469; x_wconf 81' lang='lat' dir='ltr'>Maecio</span> <span class='ocrx_word' id='word_1_152' title='bbox 511 2408 690 2469; x_wconf 86' lang='lat' dir='ltr'>Brundisino</span> <span class='ocrx_word' id='word_1_153' title='bbox 725 2408 872 2488; x_wconf 86' lang='lat' dir='ltr'>praefecto</span> <span class='ocrx_word' id='word_1_154' title='bbox 902 2426 1036 2469; x_wconf 89' lang='lat' dir='ltr'>annonae</span> <span class='ocrx_word' id='word_1_155' title='bbox 1068 2412 1192 2471; x_wconf 89' lang='lat' dir='ltr'>orientis</span> <span class='ocrx_word' id='word_1_156' title='bbox 1223 2417 1252 2469; x_wconf 87' lang='lat' dir='ltr'>et</span> <span class='ocrx_word' id='word_1_157' title='bbox 1274 2408 1358 2490; x_wconf 84' lang='lat' dir='ltr'>leio</span> 
     </span>
     <span class='ocr_line' id='line_1_21' title="bbox 209 2505 1360 2586; baseline 0 -18"><span class='ocrx_word' id='word_1_158' title='bbox 209 2505 321 2568; x_wconf 86' lang='lat' dir='ltr'>Crinito</span> <span class='ocrx_word' id='word_1_159' title='bbox 352 2509 426 2568; x_wconf 87' lang='lat' dir='ltr'>duce</span> <span class='ocrx_word' id='word_1_160' title='bbox 453 2507 615 2586; x_wconf 73' lang='lat' dir='ltr'>Illyriciani</span> <span class='ocrx_word' id='word_1_161' title='bbox 642 2507 745 2568; x_wconf 88' lang='lat' dir='ltr'>limitis</span> <span class='ocrx_word' id='word_1_162' title='bbox 776 2517 806 2568; x_wconf 88' lang='lat' dir='ltr'>et</span> <span class='ocrx_word' id='word_1_163' title='bbox 833 2507 973 2569; x_wconf 82' lang='lat' dir='ltr'>Thracici</span> <span class='ocrx_word' id='word_1_164' title='bbox 999 2516 1030 2568; x_wconf 89' lang='lat' dir='ltr'>et</span> <span class='ocrx_word' id='word_1_165' title='bbox 1055 2507 1162 2570; x_wconf 88' lang='lat' dir='ltr'>Fuluio</span> <span class='ocrx_word' id='word_1_166' title='bbox 1184 2510 1256 2568; x_wconf 84' lang='lat' dir='ltr'>Roio</span> <span class='ocrx_word' id='word_1_167' title='bbox 1285 2508 1360 2569; x_wconf 87' lang='lat' dir='ltr'>duce</span> 
     </span>
    </p>

    <p class='ocr_par' dir='ltr' id='par_1_7' title="bbox 169 2604 1360 3080">
     <span class='ocr_line' id='line_1_22' title="bbox 169 2604 1359 2686; baseline 0.001 -20"><span class='ocrx_word' id='word_1_168' title='bbox 169 2627 193 2666; x_wconf 85' lang='lat' dir='ltr'>n</span> <span class='ocrx_word' id='word_1_169' title='bbox 207 2605 305 2666; x_wconf 86' lang='lat' dir='ltr'>Retici</span> <span class='ocrx_word' id='word_1_170' title='bbox 331 2607 435 2668; x_wconf 90' lang='lat' dir='ltr'>limitis</span> <span class='ocrx_word' id='word_1_171' title='bbox 458 2607 629 2668; x_wconf 88' lang='lat' dir='ltr'>Valerianus</span> <span class='ocrx_word' id='word_1_172' title='bbox 649 2607 799 2684; x_wconf 81' lang='lat' dir='ltr'>Augustus</span> <span class='ocrx_word' id='word_1_173' title='bbox 829 2607 917 2666; x_wconf 78' lang='lat' dir='ltr'>dixit:</span> <span class='ocrx_word' id='word_1_174' title='bbox 940 2604 1067 2666; x_wconf 75' lang='lat' dir='ltr'>‘Gratias</span> <span class='ocrx_word' id='word_1_175' title='bbox 1094 2607 1150 2666; x_wconf 90' lang='lat' dir='ltr'>tibi</span> <span class='ocrx_word' id='word_1_176' title='bbox 1172 2609 1243 2686; x_wconf 81' lang='lat' dir='ltr'>agn,</span> <span class='ocrx_word' id='word_1_177' title='bbox 1267 2608 1359 2668; x_wconf 85' lang='lat' dir='ltr'>Aure-</span> 
     </span>
     <span class='ocr_line' id='line_1_23' title="bbox 206 2703 1358 2784; baseline 0.002 -20"><span class='ocrx_word' id='word_1_178' title='bbox 206 2703 294 2784; x_wconf 76' lang='lat' dir='ltr'>liane,</span> <span class='ocrx_word' id='word_1_179' title='bbox 322 2725 370 2766; x_wconf 90' lang='lat' dir='ltr'>res</span> <span class='ocrx_word' id='word_1_180' title='bbox 393 2725 432 2784; x_wconf 75' lang='lat' dir='ltr'>p,</span> <span class='ocrx_word' id='word_1_181' title='bbox 459 2705 539 2784; x_wconf 88' lang='lat' dir='ltr'>quod</span> <span class='ocrx_word' id='word_1_182' title='bbox 567 2723 631 2766; x_wconf 81' lang='lat' dir='ltr'>cani</span> <span class='ocrx_word' id='word_1_183' title='bbox 658 2725 672 2766; x_wconf 92' lang='lat' dir='ltr'>a</span> <span class='ocrx_word' id='word_1_184' title='bbox 696 2703 861 2766; x_wconf 89' lang='lat' dir='ltr'>Gothorum</span> <span class='ocrx_word' id='word_1_185' title='bbox 884 2712 1032 2784; x_wconf 90' lang='lat' dir='ltr'>potestate</span> <span class='ocrx_word' id='word_1_186' title='bbox 1055 2705 1195 2766; x_wconf 88' lang='lat' dir='ltr'>liberasti.</span> <span class='ocrx_word' id='word_1_187' title='bbox 1228 2705 1358 2766; x_wconf 90' lang='lat' dir='ltr'>abunda·</span> 
     </span>
     <span class='ocr_line' id='line_1_24' title="bbox 207 2803 1360 2884; baseline 0.002 -22"><span class='ocrx_word' id='word_1_188' title='bbox 207 2823 273 2862; x_wconf 90' lang='lat' dir='ltr'>mus</span> <span class='ocrx_word' id='word_1_189' title='bbox 302 2823 356 2884; x_wconf 91' lang='lat' dir='ltr'>per</span> <span class='ocrx_word' id='word_1_190' title='bbox 382 2813 411 2864; x_wconf 94' lang='lat' dir='ltr'>te</span> <span class='ocrx_word' id='word_1_191' title='bbox 439 2803 561 2884; x_wconf 85' lang='lat' dir='ltr'>praeda,</span> <span class='ocrx_word' id='word_1_192' title='bbox 590 2805 773 2864; x_wconf 87' lang='lat' dir='ltr'>abundamus</span> <span class='ocrx_word' id='word_1_193' title='bbox 803 2803 895 2880; x_wconf 81' lang='lat' dir='ltr'>gloria</span> <span class='ocrx_word' id='word_1_194' title='bbox 924 2811 952 2864; x_wconf 93' lang='lat' dir='ltr'>et</span> <span class='ocrx_word' id='word_1_195' title='bbox 987 2805 1036 2862; x_wconf 91' lang='lat' dir='ltr'>his</span> <span class='ocrx_word' id='word_1_196' title='bbox 1067 2805 1219 2884; x_wconf 67' lang='lat' dir='ltr'>omnibus7</span> <span class='ocrx_word' id='word_1_197' title='bbox 1250 2805 1360 2884; x_wconf 88' lang='lat' dir='ltr'>quibus</span> 
     </span>
     <span class='ocr_line' id='line_1_25' title="bbox 207 2901 1359 2982; baseline 0.003 -22"><span class='ocrx_word' id='word_1_198' title='bbox 207 2901 336 2964; x_wconf 89' lang='lat' dir='ltr'>Romana</span> <span class='ocrx_word' id='word_1_199' title='bbox 369 2903 494 2964; x_wconf 80' lang='lat' dir='ltr'>felicitas</span> <span class='ocrx_word' id='word_1_200' title='bbox 524 2905 639 2964; x_wconf 88' lang='lat' dir='ltr'>crescit.</span> <span class='ocrx_word' id='word_1_201' title='bbox 680 2921 749 2980; x_wconf 88' lang='lat' dir='ltr'>cape</span> <span class='ocrx_word' id='word_1_202' title='bbox 779 2903 871 2980; x_wconf 80' lang='lat' dir='ltr'>igitur</span> <span class='ocrx_word' id='word_1_203' title='bbox 898 2902 952 2962; x_wconf 91' lang='lat' dir='ltr'>tihi</span> <span class='ocrx_word' id='word_1_204' title='bbox 981 2919 1036 2981; x_wconf 89' lang='lat' dir='ltr'>pro</span> <span class='ocrx_word' id='word_1_205' title='bbox 1063 2903 1155 2964; x_wconf 88' lang='lat' dir='ltr'>rebus</span> <span class='ocrx_word' id='word_1_206' title='bbox 1181 2905 1273 2982; x_wconf 84' lang='lat' dir='ltr'>gestis</span> <span class='ocrx_word' id='word_1_207' title='bbox 1299 2907 1359 2964; x_wconf 89' lang='lat' dir='ltr'>tuis</span> 
     </span>
     <span class='ocr_line' id='line_1_26' title="bbox 207 3001 1358 3080; baseline 0.002 -20"><span class='ocrx_word' id='word_1_208' title='bbox 207 3021 330 3060; x_wconf 87' lang='lat' dir='ltr'>coronas</span> <span class='ocrx_word' id='word_1_209' title='bbox 360 3003 489 3060; x_wconf 92' lang='lat' dir='ltr'>murales</span> <span class='ocrx_word' id='word_1_210' title='bbox 516 3009 663 3080; x_wconf 77' lang='lat' dir='ltr'>quattuor,</span> <span class='ocrx_word' id='word_1_211' title='bbox 688 3019 813 3060; x_wconf 87' lang='lat' dir='ltr'>coronas</span> <span class='ocrx_word' id='word_1_212' title='bbox 836 3001 966 3060; x_wconf 88' lang='lat' dir='ltr'>uallares</span> <span class='ocrx_word' id='word_1_213' title='bbox 990 3003 1134 3079; x_wconf 79' lang='lat' dir='ltr'>quinque,</span> <span class='ocrx_word' id='word_1_214' title='bbox 1161 3020 1285 3062; x_wconf 88' lang='lat' dir='ltr'>coronas</span> <span class='ocrx_word' id='word_1_215' title='bbox 1306 3021 1358 3062; x_wconf 88' lang='lat' dir='ltr'>ua·</span> 
     </span>
    </p>

    <p class='ocr_par' dir='ltr' id='par_1_8' title="bbox 168 3099 1358 3574">
     <span class='ocr_line' id='line_1_27' title="bbox 168 3099 1358 3178; baseline 0.002 -20"><span class='ocrx_word' id='word_1_216' title='bbox 168 3121 192 3160; x_wconf 82' lang='grc'>33</span> <span class='ocrx_word' id='word_1_217' title='bbox 206 3099 290 3160; x_wconf 88' lang='lat' dir='ltr'>uales</span> <span class='ocrx_word' id='word_1_218' title='bbox 323 3099 402 3178; x_wconf 78' lang='lat' dir='ltr'>duae,</span> <span class='ocrx_word' id='word_1_219' title='bbox 437 3117 559 3160; x_wconf 89' lang='lat' dir='ltr'>coronas</span> <span class='ocrx_word' id='word_1_220' title='bbox 593 3101 701 3160; x_wconf 89' lang='lat' dir='ltr'>ciuicas</span> <span class='ocrx_word' id='word_1_221' title='bbox 737 3099 817 3177; x_wconf 78' lang='lat' dir='ltr'>duas,</span> <span class='ocrx_word' id='word_1_222' title='bbox 851 3099 949 3159; x_wconf 87' lang='lat' dir='ltr'>hastas</span> <span class='ocrx_word' id='word_1_223' title='bbox 983 3117 1072 3178; x_wconf 88' lang='lat' dir='ltr'>puras</span> <span class='ocrx_word' id='word_1_224' title='bbox 1107 3099 1222 3178; x_wconf 77' lang='lat' dir='ltr'>decem,</span> <span class='ocrx_word' id='word_1_225' title='bbox 1247 3099 1358 3160; x_wconf 83' lang='lat' dir='ltr'>uexilla</span> 
     </span>
     <span class='ocr_line' id='line_1_28' title="bbox 206 3195 1357 3278; baseline 0.002 -22"><span class='ocrx_word' id='word_1_226' title='bbox 206 3197 336 3258; x_wconf 87' lang='lat' dir='ltr'>bicolora</span> <span class='ocrx_word' id='word_1_227' title='bbox 362 3205 507 3278; x_wconf 85' lang='lat' dir='ltr'>quattuor,</span> <span class='ocrx_word' id='word_1_228' title='bbox 536 3201 651 3258; x_wconf 89' lang='lat' dir='ltr'>tunicas</span> <span class='ocrx_word' id='word_1_229' title='bbox 677 3215 775 3258; x_wconf 88' lang='lat' dir='ltr'>russas</span> <span class='ocrx_word' id='word_1_230' title='bbox 802 3195 921 3258; x_wconf 83' lang='lat' dir='ltr'>ducales</span> <span class='ocrx_word' id='word_1_231' title='bbox 944 3205 1093 3276; x_wconf 78' lang='lat' dir='ltr'>quattuor,</span> <span class='ocrx_word' id='word_1_232' title='bbox 1121 3199 1209 3276; x_wconf 89' lang='lat' dir='ltr'>pallia</span> <span class='ocrx_word' id='word_1_233' title='bbox 1232 3217 1357 3276; x_wconf 89' lang='lat' dir='ltr'>procon-</span> 
     </span>
     <span class='ocr_line' id='line_1_29' title="bbox 207 3295 1357 3377; baseline 0.002 -23"><span class='ocrx_word' id='word_1_234' title='bbox 207 3297 316 3356; x_wconf 87' lang='lat' dir='ltr'>sularia</span> <span class='ocrx_word' id='word_1_235' title='bbox 341 3297 405 3376; x_wconf 81' lang='lat' dir='ltr'>dun,</span> <span class='ocrx_word' id='word_1_236' title='bbox 431 3305 526 3374; x_wconf 81' lang='lat' dir='ltr'>togam</span> <span class='ocrx_word' id='word_1_237' title='bbox 551 3303 742 3376; x_wconf 76' lang='lat' dir='ltr'>praetextam,</span> <span class='ocrx_word' id='word_1_238' title='bbox 765 3297 896 3356; x_wconf 87' lang='lat' dir='ltr'>tunicam</span> <span class='ocrx_word' id='word_1_239' title='bbox 924 3295 1089 3375; x_wconf 76' lang='lat' dir='ltr'>palmatam,</span> <span class='ocrx_word' id='word_1_240' title='bbox 1113 3304 1210 3376; x_wconf 82' lang='lat' dir='ltr'>togam</span> <span class='ocrx_word' id='word_1_241' title='bbox 1238 3299 1357 3377; x_wconf 81' lang='lat' dir='ltr'>pictam,</span> 
     </span>
     <span class='ocr_line' id='line_1_30' title="bbox 206 3393 1357 3474; baseline 0 -18"><span class='ocrx_word' id='word_1_242' title='bbox 206 3395 402 3456; x_wconf 88' lang='lat' dir='ltr'>subarmalem</span> <span class='ocrx_word' id='word_1_243' title='bbox 428 3395 616 3474; x_wconf 76' lang='lat' dir='ltr'>profundum,</span> <span class='ocrx_word' id='word_1_244' title='bbox 640 3393 741 3456; x_wconf 89' lang='lat' dir='ltr'>sellam</span> <span class='ocrx_word' id='word_1_245' title='bbox 766 3393 928 3454; x_wconf 87' lang='lat' dir='ltr'>eburatam.</span> <span class='ocrx_word' id='word_1_246' title='bbox 960 3413 1030 3454; x_wconf 90' lang='lat' dir='ltr'>nam</span> <span class='ocrx_word' id='word_1_247' title='bbox 1049 3403 1077 3454; x_wconf 91' lang='lat' dir='ltr'>te</span> <span class='ocrx_word' id='word_1_248' title='bbox 1098 3395 1249 3456; x_wconf 87' lang='lat' dir='ltr'>consulem</span> <span class='ocrx_word' id='word_1_249' title='bbox 1268 3395 1357 3456; x_wconf 90' lang='lat' dir='ltr'>hodie</span> 
     </span>
     <span class='ocr_line' id='line_1_31' title="bbox 208 3493 1358 3574; baseline 0.002 -22"><span class='ocrx_word' id='word_1_250' title='bbox 208 3493 338 3572; x_wconf 71' lang='lat' dir='ltr'>designo,</span> <span class='ocrx_word' id='word_1_251' title='bbox 364 3497 527 3574; x_wconf 89' lang='lat' dir='ltr'>scripturus</span> <span class='ocrx_word' id='word_1_252' title='bbox 553 3493 588 3552; x_wconf 91' lang='lat' dir='ltr'>ad</span> <span class='ocrx_word' id='word_1_253' title='bbox 610 3503 751 3572; x_wconf 77' lang='lat' dir='ltr'>senatum,</span> <span class='ocrx_word' id='word_1_254' title='bbox 776 3501 810 3552; x_wconf 89' lang='lat' dir='ltr'>ut</span> <span class='ocrx_word' id='word_1_255' title='bbox 828 3495 882 3552; x_wconf 91' lang='lat' dir='ltr'>tibi</span> <span class='ocrx_word' id='word_1_256' title='bbox 902 3493 1024 3572; x_wconf 91' lang='lat' dir='ltr'>deputet</span> <span class='ocrx_word' id='word_1_257' title='bbox 1043 3494 1216 3572; x_wconf 79' lang='lat' dir='ltr'>scipionem,</span> <span class='ocrx_word' id='word_1_258' title='bbox 1236 3493 1358 3572; x_wconf 86' lang='lat' dir='ltr'>deputet</span> 
     </span>
    </p>

    <p class='ocr_par' dir='ltr' id='par_1_9' title="bbox 167 3589 1357 3870">
     <span class='ocr_line' id='line_1_32' title="bbox 167 3589 1357 3674; baseline 0 -20"><span class='ocrx_word' id='word_1_259' title='bbox 167 3613 192 3654; x_wconf 88' lang='lat' dir='ltr'>oo</span> <span class='ocrx_word' id='word_1_260' title='bbox 207 3595 297 3652; x_wconf 88' lang='lat' dir='ltr'>etiam</span> <span class='ocrx_word' id='word_1_261' title='bbox 320 3593 428 3674; x_wconf 81' lang='lat' dir='ltr'>lasces3</span> <span class='ocrx_word' id='word_1_262' title='bbox 455 3591 528 3652; x_wconf 88' lang='lat' dir='ltr'>haec</span> <span class='ocrx_word' id='word_1_263' title='bbox 558 3595 636 3652; x_wconf 85' lang='lat' dir='ltr'>enirn</span> <span class='ocrx_word' id='word_1_264' title='bbox 662 3595 823 3672; x_wconf 88' lang='lat' dir='ltr'>imperator</span> <span class='ocrx_word' id='word_1_265' title='bbox 846 3611 906 3652; x_wconf 91' lang='lat' dir='ltr'>non</span> <span class='ocrx_word' id='word_1_266' title='bbox 929 3589 1004 3652; x_wconf 91' lang='lat' dir='ltr'>solet</span> <span class='ocrx_word' id='word_1_267' title='bbox 1031 3591 1102 3652; x_wconf 91' lang='lat' dir='ltr'>dare</span> <span class='ocrx_word' id='word_1_268' title='bbox 1124 3593 1178 3652; x_wconf 91' lang='lat' dir='ltr'>sed</span> <span class='ocrx_word' id='word_1_269' title='bbox 1202 3611 1219 3652; x_wconf 90' lang='lat' dir='ltr'>a</span> <span class='ocrx_word' id='word_1_270' title='bbox 1242 3600 1357 3672; x_wconf 76' lang='lat' dir='ltr'>senato,</span> 
     </span>
     <span class='ocr_line' id='line_1_33' title="bbox 206 3687 1357 3770; baseline 0 -20"><span class='ocrx_word' id='word_1_271' title='bbox 206 3691 321 3768; x_wconf 76' lang='lat' dir='ltr'>quando</span> <span class='ocrx_word' id='word_1_272' title='bbox 356 3693 385 3750; x_wconf 92' lang='lat' dir='ltr'>lit</span> <span class='ocrx_word' id='word_1_273' title='bbox 421 3691 531 3768; x_wconf 85' lang='lat' dir='ltr'>consul,</span> <span class='ocrx_word' id='word_1_274' title='bbox 565 3687 723 3770; x_wconf 67' lang='lat' dir='ltr'>accipere?</span> <span class='ocrx_word' id='word_1_275' title='bbox 759 3693 877 3764; x_wconf 74' lang='grc'><strong>(314)</strong></span> <span class='ocrx_word' id='word_1_276' title='bbox 908 3691 979 3750; x_wconf 88' lang='lat' dir='ltr'>Post</span> <span class='ocrx_word' id='word_1_277' title='bbox 1004 3689 1078 3750; x_wconf 89' lang='lat' dir='ltr'>haec</span> <span class='ocrx_word' id='word_1_278' title='bbox 1103 3691 1249 3750; x_wconf 85' lang='lat' dir='ltr'>Valeriani</span> <span class='ocrx_word' id='word_1_279' title='bbox 1280 3691 1357 3750; x_wconf 86' lang='lat' dir='ltr'>dicta</span> 
     </span>
     <span class='ocr_line' id='line_1_34' title="bbox 206 3787 1357 3870; baseline 0 -22"><span class='ocrx_word' id='word_1_280' title='bbox 206 3789 381 3850; x_wconf 83' lang='lat' dir='ltr'>Aurelianus</span> <span class='ocrx_word' id='word_1_281' title='bbox 411 3789 540 3850; x_wconf 82' lang='lat' dir='ltr'>surrexit</span> <span class='ocrx_word' id='word_1_282' title='bbox 567 3796 654 3870; x_wconf 88' lang='lat' dir='ltr'>atque</span> <span class='ocrx_word' id='word_1_283' title='bbox 684 3787 720 3848; x_wconf 86' lang='lat' dir='ltr'>ad</span> <span class='ocrx_word' id='word_1_284' title='bbox 748 3807 854 3848; x_wconf 88' lang='lat' dir='ltr'>manus</span> <span class='ocrx_word' id='word_1_285' title='bbox 881 3789 1007 3848; x_wconf 86' lang='lat' dir='ltr'>accessit</span> <span class='ocrx_word' id='word_1_286' title='bbox 1032 3807 1121 3866; x_wconf 83' lang='lat' dir='ltr'>agens</span> <span class='ocrx_word' id='word_1_287' title='bbox 1145 3791 1255 3868; x_wconf 81' lang='lat' dir='ltr'>gratias</span> <span class='ocrx_word' id='word_1_288' title='bbox 1279 3789 1357 3848; x_wconf 88' lang='lat' dir='ltr'>mili-</span> 
     </span>
    </p>
   </div>
   <div class='ocr_carea' id='block_1_5' title="bbox 297 3963 749 4030">
    <p class='ocr_par' dir='ltr' id='par_1_10' title="bbox 297 3963 749 4030">
     <span class='ocr_line' id='line_1_35' title="bbox 297 3963 749 4030; baseline 0 -16"><span class='ocrx_word' id='word_1_289' title='bbox 297 3963 324 4014; x_wconf 73' lang='grc'>2.</span> <span class='ocrx_word' id='word_1_290' title='bbox 351 3963 411 4016; x_wconf 83' lang='lat' dir='ltr'>l&#39;r&#39;d.</span> <span class='ocrx_word' id='word_1_291' title='bbox 428 3963 543 4030; x_wconf 82' lang='lat' dir='ltr'>Encolp.</span> <span class='ocrx_word' id='word_1_292' title='bbox 558 3963 592 4028; x_wconf 77' lang='lat' dir='ltr'>fr.</span> <span class='ocrx_word' id='word_1_293' title='bbox 609 3965 627 4016; x_wconf 75' lang='lat'><em>2</em></span> <span class='ocrx_word' id='word_1_294' title='bbox 642 3981 672 4030; x_wconf 77' lang='lat' dir='ltr'>p.</span> <span class='ocrx_word' id='word_1_295' title='bbox 688 3965 749 4014; x_wconf 77' lang='lat'><em>129.</em></span> 
     </span>
    </p>
   </div>
   <div class='ocr_carea' id='block_1_6' title="bbox 208 4125 1359 4472">
    <p class='ocr_par' dir='ltr' id='par_1_11' title="bbox 297 4125 814 4208">
     <span class='ocr_line' id='line_1_36' title="bbox 297 4125 814 4208; baseline 0 -20"><span class='ocrx_word' id='word_1_296' title='bbox 297 4125 328 4208; x_wconf 80' lang='grc'><strong>3,</strong></span> <span class='ocrx_word' id='word_1_297' title='bbox 357 4133 384 4188; x_wconf 91' lang='grc'>6.</span> <span class='ocrx_word' id='word_1_298' title='bbox 409 4131 562 4190; x_wconf 71' lang='lat' dir='ltr'>demonico</span> <span class='ocrx_word' id='word_1_299' title='bbox 576 4131 606 4186; x_wconf 88' lang='lat' dir='ltr'><em>P</em></span> <span class='ocrx_word' id='word_1_300' title='bbox 618 4149 669 4188; x_wconf 85' lang='lat' dir='ltr'>em.</span> <span class='ocrx_word' id='word_1_301' title='bbox 687 4131 814 4190; x_wconf 86' lang='lat' dir='ltr'>Obrecht</span> 
     </span>
    </p>

    <p class='ocr_par' dir='ltr' id='par_1_12' title="bbox 208 4213 1359 4472">
     <span class='ocr_line' id='line_1_37' title="bbox 296 4213 1359 4298; baseline 0 -20"><span class='ocrx_word' id='word_1_302' title='bbox 296 4213 328 4298; x_wconf 83' lang='lat'>4,</span> <span class='ocrx_word' id='word_1_303' title='bbox 357 4221 404 4278; x_wconf 84' lang='grc'>10.</span> <span class='ocrx_word' id='word_1_304' title='bbox 431 4221 549 4278; x_wconf 86' lang='lat' dir='ltr'>acoliP</span> <span class='ocrx_word' id='word_1_305' title='bbox 649 4223 697 4278; x_wconf 83' lang='grc'>14.</span> <span class='ocrx_word' id='word_1_306' title='bbox 724 4221 852 4278; x_wconf 72' lang='lat' dir='ltr'>nemenio</span> <span class='ocrx_word' id='word_1_307' title='bbox 869 4221 898 4278; x_wconf 93' lang='lat' dir='ltr'><strong><em>P</em></strong></span> <span class='ocrx_word' id='word_1_308' title='bbox 986 4219 1081 4278; x_wconf 83' lang='lat' dir='ltr'>Tusco</span> <span class='ocrx_word' id='word_1_309' title='bbox 1100 4223 1205 4294; x_wconf 79' lang='lat' dir='ltr'>scripsi</span> <span class='ocrx_word' id='word_1_310' title='bbox 1228 4221 1310 4278; x_wconf 85' lang='lat' dir='ltr'>fusco</span> <span class='ocrx_word' id='word_1_311' title='bbox 1329 4221 1359 4278; x_wconf 90' lang='lat' dir='ltr'><strong><em>P</em></strong></span> 
     </span>
     <span class='ocr_line' id='line_1_38' title="bbox 208 4309 1356 4386; baseline 0.002 -20"><span class='ocrx_word' id='word_1_312' title='bbox 208 4311 257 4368; x_wconf 83' lang='lat'>18.</span> <span class='ocrx_word' id='word_1_313' title='bbox 281 4311 390 4386; x_wconf 84' lang='lat' dir='ltr'>ulpicio</span> <span class='ocrx_word' id='word_1_314' title='bbox 412 4311 439 4368; x_wconf 86' lang='lat' dir='ltr'><em>P</em></span> <span class='ocrx_word' id='word_1_315' title='bbox 552 4311 599 4368; x_wconf 74' lang='lat'>20.</span> <span class='ocrx_word' id='word_1_316' title='bbox 624 4309 722 4386; x_wconf 81' lang='lat' dir='ltr'>gralia</span> <span class='ocrx_word' id='word_1_317' title='bbox 741 4311 807 4370; x_wconf 85' lang='lat' dir='ltr'>Pu.</span> <span class='ocrx_word' id='word_1_318' title='bbox 822 4329 845 4368; x_wconf 89' lang='lat' dir='ltr'>c.</span> <span class='ocrx_word' id='word_1_319' title='bbox 959 4311 1009 4368; x_wconf 84' lang='lat'>30.</span> <span class='ocrx_word' id='word_1_320' title='bbox 1033 4311 1166 4368; x_wconf 84' lang='lat' dir='ltr'>haec—</span> <span class='ocrx_word' id='word_1_321' title='bbox 1179 4311 1312 4386; x_wconf 86' lang='lat' dir='ltr'>accipere</span> <span class='ocrx_word' id='word_1_322' title='bbox 1337 4329 1356 4368; x_wconf 87' lang='grc'>3</span> 
     </span>
     <span class='ocr_line' id='line_1_39' title="bbox 212 4400 1128 4472; baseline 0 -14"><span class='ocrx_word' id='word_1_323' title='bbox 212 4401 330 4470; x_wconf 70' lang='lat' dir='ltr'>Vopisci</span> <span class='ocrx_word' id='word_1_324' title='bbox 351 4401 513 4472; x_wconf 78' lang='lat' dir='ltr'>eupitrrtudt&#39;</span> <span class='ocrx_word' id='word_1_325' title='bbox 534 4417 623 4458; x_wconf 83' lang='lat' dir='ltr'>conso</span> <span class='ocrx_word' id='word_1_326' title='bbox 642 4401 744 4460; x_wconf 79' lang='lat' dir='ltr'>addito</span> <span class='ocrx_word' id='word_1_327' title='bbox 764 4415 823 4458; x_wconf 83' lang='lat' dir='ltr'>esse</span> <span class='ocrx_word' id='word_1_328' title='bbox 845 4400 972 4460; x_wconf 75' lang='grc'><strong>033331).</strong></span> <span class='ocrx_word' id='word_1_329' title='bbox 990 4402 1128 4472; x_wconf 79' lang='lat' dir='ltr'>optantur</span> 
     </span>
    </p>
   </div>
   <div class='ocr_carea' id='block_1_7' title="bbox 0 0 1622 4950">
    <p class='ocr_par' dir='ltr' id='par_1_13' title="bbox 0 0 1622 4950">
     <span class='ocr_line' id='line_1_40' title="bbox 0 0 1622 4950; baseline 0 4"><span class='ocrx_word' id='word_1_330' title='bbox 0 0 1622 4950; x_wconf 95' lang='lat' dir='ltr'> </span> 
     </span>
    </p>
   </div>
  </div>
 </body>
</html>
