3234 4950
484 334 521 388 M.
541 335 723 388 trachiniis
739 335 930 388 Mussnnnn
953 335 1134 390 contusis
1276 357 1386 402 LXXXI

232 507 332 572 sertim
361 521 428 560 cum
459 501 537 562 idem
560 503 675 562 Plinius
706 503 792 560 etiam
824 503 890 560 aliis
914 501 1091 562 criminibus
1113 499 1165 580 33,
1183 499 1262 584 1323
1286 499 1384 582 cusq.

232 596 397 685 97119sq.
421 601 453 658 in
477 599 604 660 cundem
627 599 795 676 inuebatur,
821 603 840 660 i.
856 619 879 660 e.
902 601 929 658 in
951 601 1066 660 eisdem
1085 599 1176 678 lmus,
1202 603 1230 660 in
1253 619 1383 680 quornm

230 697 375 767 indicibus
402 695 573 758 ‘Coruinus’
598 706 649 756 aut
670 694 819 758 ‘Messalla
845 695 1002 758 Coruinus'
1029 699 1146 758 citatur.

314 797 418 872 ltaque
447 797 527 872 quod
553 797 634 854 solus
664 796 825 855 Suetonius
853 815 916 856 rem
951 803 1019 876 posi
1048 797 1159 856 bellum
1189 797 1383 876 Philippense

229 906 348 980 gestam,
366 911 441 972 quae
463 895 543 954 iuxta
561 893 755 954 Plutarchum
771 893 867 954 locum
884 897 914 952 in
929 897 1153 954 commentariis
1167 893 1253 954 facile
1272 895 1382 954 habere

229 1002 336 1080 posset,
359 1011 397 1052 ex
415 992 533 1052 Valerio
550 991 685 1052 Messalla
712 995 847 1070 sumpsit,
870 993 926 1052 hoc
952 1011 1011 1052 non
1036 995 1094 1052 erit
1115 995 1233 1070 mirum,
1260 1011 1329 1052 nam
1352 1001 1382 1052 et

230 1091 304 1174 apud
327 1091 520 1149 Plutarchum
539 1091 604 1148 eius
627 1089 699 1150 belli
722 1091 864 1150 memoria
889 1109 947 1148 una
973 1091 1051 1150 illius
1078 1091 1250 1150 auctoritate
1276 1091 1383 1150 nititur

229 1203 257 1255 et
281 1191 439 1250 Suetonius
465 1187 543 1248 haud
566 1205 634 1246 raro
659 1187 784 1266 singulis
806 1187 881 1248 locis
907 1197 1042 1250 auctores
1068 1187 1180 1266 aliquos
1206 1191 1380 1250 nominauit.

227 1289 322 1352 tenuis
347 1289 438 1364 igitur
463 1288 606 1346 memoria
631 1289 912 1346 commentariorum
941 1289 1005 1346 l'uit.
1042 1305 1150 1346 uemm
1177 1295 1278 1346 tamen
1301 1288 1381 1347 ultra

228 1407 276 1450 eas
300 1393 415 1463 partes,
443 1403 519 1462 quae
548 1383 661 1444 diserte
688 1385 725 1444 ad
751 1383 918 1444 Messallam
948 1385 1133 1462 referuntur,
1164 1383 1241 1462 apud
1267 1385 1380 1446 Plutar-

227 1487 312 1546 chum
341 1491 433 1562 patet‚
463 1487 515 1560 qui
541 1481 647 1542 talium
672 1483 861 1560 potissimum
893 1501 1017 1560 operum
1045 1501 1148 1544 amans
1170 1483 1233 1542 fuit.
1275 1483 1329 1542 sed
1346 1491 1380 1542 ul

228 1587 289 1644 eius
306 1583 434 1658 uestigia
454 1581 637 1658 indagemuS,
652 1581 802 1658 Appiauus
824 1581 931 1640 auxilio
953 1581 1104 1640 occandus
1125 1589 1176 1658 est,
1200 1583 1250 1658 qui
1270 1583 1379 1640 mirum

227 1685 255 1742 in
284 1679 405 1738 modum
431 1679 465 1736 in
490 1677 569 1738 bello
598 1677 777 1755 enarrando,
805 1697 895 1756 saepe
923 1679 961 1738 ad
987 1677 1115 1738 uerbum
1144 1697 1211 1738 cum
1232 1679 1284 1738 illo
1310 1697 1379 1740 cou-

226 1781 324 1856 spirat,
349 1776 378 1836 id
404 1775 482 1856 quod
505 1779 596 1836 etiam
613 1775 795 1836 luculentius
815 1785 947 1856 apparet,
968 1779 991 1836 si
1013 1777 1148 1838 Cassium
1164 1775 1289 1838 Dionem
1311 1797 1378 1838 cum

226 1877 274 1936 illo
293 1877 573 1952 comparauerimus
606 1893 675 1934 nam
695 1876 743 1934 hic
763 1893 893 1952 pugnam
911 1877 942 1934 in
964 1877 1147 1934 rhetoricum
1163 1893 1279 1934 morem
1298 1895 1379 1934 com-

226 1974 305 2036 muni
331 1973 531 2050 descriptione
555 1973 699 2052 dilatauit,
722 1973 768 2030 illi
786 1975 885 2032 omnia
906 1973 941 2032 ad
963 1973 1050 2032 duces
1073 1979 1299 2050 reuocauerunt,
1326 1973 1379 2032 sed

225 2075 271 2149 ita,
293 2077 328 2130 ut
351 2074 440 2132 etiam
466 2075 606 2132 comitum
625 2069 713 2130 Bruti
731 2069 886 2150 Cassiique
907 2075 1050 2132 rationem
1072 2071 1223 2150 haberent,
1247 2073 1377 2150 primum

225 2177 321 2229 autem
345 2171 423 2228 inter
447 2187 497 2228 eos
523 2169 600 2246 apud
617 2169 811 2228 Plutarchum
836 2171 932 2228 locum
954 2169 1089 2228 Messalla
1112 2169 1377 2246 obtine1·et‚cuius

225 2271 253 2326 in
278 2269 350 2346 ipsis
367 2269 478 2346 pugnis
495 2267 738 2346 Philippensibus
758 2285 814 2326 uec
836 2267 963 2328 albione
980 2285 1037 2326 nec
1057 2267 1092 2326 ab
1112 2267 1245 2346 Appiano
1266 2269 1377 2326 mentio

224 2367 263 2425 fit.
298 2383 367 2426 nam
393 2365 470 2444 apud
490 2367 577 2426 illum
597 2373 627 2424 et
646 2369 675 2424 in
695 2367 795 2444 priore
816 2367 982 2444 praelectus
1006 2365 1106 2426 dextro
1130 2383 1221 2426 cornu
1241 2365 1377 2426 Caesaris

223 2473 316 2523 castra
342 2465 531 2543 expugnauit,
553 2484 622 2525 cum
648 2463 888 2525 aduersariorum
913 2484 1001 2541 quam
1025 2465 1152 2523 maxime
1181 2471 1282 2541 posset
1304 2465 1377 2523 uilis

223 2572 357 2641 parceret
371 2566 413 2635 (c.
426 2564 539 2637 τίθεν)
559 2562 723 2639 eademque
741 2562 946 2623 moderatione
967 2566 1054 2623 etiam
1076 2566 1106 2623 in
1127 2564 1260 2641 captiuos
1277 2570 1377 2623 utere-

222 2649 270 2719 tur
292 2662 333 2733 (c.
352 2664 420 2739 45),
445 2669 474 2721 et
496 2660 594 2721 tribus
616 2659 692 2721 locis
717 2669 820 2721 auctor
845 2660 879 2721 ab
905 2680 939 2721 eo
964 2664 1071 2721 citatus
1095 2670 1149 2721 est.
1187 2664 1285 2739 itaque
1307 2680 1375 2721 cuni

222 2767 281 2817 tota
302 2778 471 2837 pugnarum
494 2760 657 2836 descriptio
679 2758 810 2817 indolem
837 2762 1116 2821 commentariorum
1142 2778 1212 2839 prae
1237 2778 1272 2819 ac
1290 2760 1374 2835 serat,

223 2874 255 2913 ex
280 2856 423 2935 Messalla,
448 2859 534 2919 cuius
556 2864 660 2935 postea
685 2860 776 2918 etiam
793 2862 836 2931 (c.
855 2860 912 2931 53)
935 2858 1045 2919 dictum
1067 2856 1214 2937 quoddam
1238 2858 1374 2935 inseruit,

222 2954 417 3015 hindamenda
435 2974 503 3015 eum
524 2958 646 3035 petiisse
664 2958 724 3015 iam
746 2958 840 3027 (lucil.
857 2958 885 3015 cl.
902 2958 978 3017 Plut.
992 2976 1026 3033 p.
1043 2958 1107 3015 137
1118 2974 1178 3031 sqq.
1202 2958 1255 3031 (cf.
1274 2958 1373 3015 Wicb·

221 3070 309 3111 mono
326 3072 360 3129 p.
379 3054 511 3129 42³qu
535 3054 631 3133 posui,
656 3055 869 3115 contaminauit
894 3062 991 3115 tamen
1018 3056 1083 3113 eius
1104 3054 1279 3113 memoriam
1305 3072 1372 3113 cum

221 3150 371 3211 Volumnio
403 3154 445 3222 (tt.
460 3170 482 3211 s,
494 3174 530 3229 p.
547 3155 717 3229 curnam),
744 3170 835 3229 quern
866 3154 939 3211 item
963 3156 992 3211 in
1027 3160 1122 3211 morte
1154 3150 1239 3211 Brun
1273 3158 1374 3229 partes

214 3248 359 3323 ¹quasdam
385 3258 522 3327 agentem
544 3261 677 3311 ceterum
703 3252 817 3327 ignotas
843 3252 911 3309 lecit
932 3254 972 3323 (c.
988 3252 1029 3309 51
1042 3254 1099 3325 sq.)
1118 3258 1147 3309 el
1164 3248 1211 3309 bis
1231 3248 1371 3309 laudauit.

220 3354 319 3423 aperta
343 3348 415 3409 haec
439 3354 484 3407 est
508 3356 625 3409 textura
644 3352 674 3407 in
695 3367 719 3408 c.
733 3345 785 3426 52,
804 3348 856 3409 ubi
876 3348 1007 3427 primum
1027 3348 1137 3409 Brutus
1157 3356 1223 3407 ante
1245 3358 1371 3407 mortem

221 3462 285 3503 cum
303 3446 460 3506 Volumnio
483 3448 663 3525 colloquitur
685 3448 828 3525 petitque,
851 3454 885 3507 ut
905 3466 936 3505 se
957 3450 985 3507 in
1013 3448 1125 3507 l'errnm
1149 3446 1372 3507 incumbentem

220 3540 350 3621 adiuuet,
379 3544 459 3621 quod
484 3554 586 3605 tamen
613 3546 729 3623 abnuit,
757 3555 790 3604 ut
821 3564 850 3607 se
881 3548 945 3623 ipse
973 3546 1144 3605 interficere
1173 3552 1292 3605 coactus
1325 3548 1370 3623 sit,

220 3646 280 3699 turn
299 3642 394 3703 addit:
418 3640 465 3703 Οί
484 3640 525 3705 da'
545 3658 652 3723 φασιν
674 3642 736 3705 οὐκ
760 3640 860 3705 αὐτὸν
881 3640 964 3705 ἀλλὰ
983 3642 1041 3705 τὸν
1062 3640 1245 3723 Στράτωνα
1265 3642 1371 3705 πολλὰ

219 3734 303 3797 πάνυ
332 3747 393 3801 τοῦ
424 3738 581 3819 Βρούτου
607 3738 787 3821 δεηθέντος
816 3738 1070 3821 ἀποστραφέντα
1097 3740 1158 3823 τὴν
1187 3740 1267 3813 ὄντα
1289 3738 1371 3801 ὑπο-

219 3842 334 3915 στῆσαι
355 3836 394 3899 τὸ
418 3834 515 3919 ξίφος
537 3839 627 3917 idque
652 3840 807 3901 confirmat
830 3840 906 3899 dicto
926 3840 1052 3919 quodam
1074 3840 1224 3901 Messallae
1247 3844 1285 3915 (c.
1301 3842 1368 3913 53).

218 3936 297 4007 prior
325 3938 417 4017 igitur
445 3940 590 3999 niemoria
619 3938 674 3999 luit
694 3936 851 4015 Volumnii,
881 3936 971 3999 altera
995 3938 1156 3999 Messallae.
1200 3940 1260 3999 iam
1285 3956 1369 4025 uero,

219 4046 284 4091 cum
310 4054 431 4095 uersum
463 4035 609 4113 quendam
639 4034 846 4113 Euripideum,
877 4054 964 4113 quem
994 4038 1119 4095 Brutmn
1148 4036 1239 4095 altera
1270 4054 1369 4115 pugna

218 4128 328 4191 uictum
363 4136 575 4211 pronuntiasse
605 4132 782 4193 Plutarchus
819 4132 981 4195 secundum
1017 4134 1205 4193 Volumnium
1241 4140 1369 4195 testatur

218 4224 255 4293 (0.
277 4230 343 4309 51),
370 4234 461 4293 etiam
486 4234 639 4311 Appianus
671 4230 778 4291 eodem
804 4240 956 4293 momento
983 4238 1116 4293 utentem
1147 4232 1252 4293 lecerit
1275 4234 1322 4305 (b.
1342 4250 1368 4293 r.

218 4322 348 4387 11'130
370 4327 475 4409 φασιν
497 4328 600 4391 αὐτὸν
617 4362 660 4373 -
679 4323 810 4412 εἰπεῖν),
836 4330 870 4389 de
897 4332 999 4391 eodem
1020 4330 1172 4391 Volumnio
1199 4336 1229 4389 ui
1255 4332 1368 4411 potiore

268 4446 328 4486 Hist.
342 4450 407 4488 Rom.
420 4452 462 4489 rel.
475 4452 507 4501 Π,
522 4451 555 4491 ed.
571 4452 660 4489 Peter.
1115 4432 1152 4485 Vl
