3234 4950
296 330 316 374 C
543 325 591 378 DE
612 323 843 380 SCRIPTORVM
863 323 956 378 uluis
976 323 1022 378 ET
1045 323 1199 378 SCRIPTIS

295 495 392 572 qualis
419 495 521 571 luerit,
552 511 611 552 non
639 496 710 553 satis
735 501 863 572 onustam
892 509 959 552 nam
985 491 1078 568 Lipsii
1102 491 1301 568 eoruiecturae,
1325 493 1376 568 qul
1401 509 1448 550 co-

296 593 395 650 dicum
418 595 511 650 etium
533 597 708 650 memoriam
732 596 797 652 eius
822 593 954 668 speciose
975 587 1145 650 emendauit
1166 607 1185 648 u
1204 593 1350 650 rteatorm
1375 593 1448 662 eim,

294 689 326 746 id
345 689 452 767 obstat,
470 687 550 766 quod
568 689 626 748 hoc
643 707 753 748 munus
771 707 830 746 non
850 689 1004 748 inuenitur
1024 689 1082 746 nisi
1102 695 1169 764 post
1189 689 1377 764 imperatoris
1394 685 1447 746 Ca-

295 785 419 846 racallae
454 794 580 846 aetatem
614 783 851 863 (Friedtumder
881 787 1078 860 Sittenpesolu
1100 787 1121 842 I
1127 779 1137 816 l
1157 803 1190 860 p.
1210 785 1283 842 Idi).
1322 785 1447 844 Hirsci-

291 885 359 958 setd
380 877 542 944 l'erroatt.²
558 905 591 962 p.
606 883 698 958 334),
720 889 754 944 m
776 889 923 944 memoria
943 889 1007 944 etus
1026 891 1133 960 autem,
1159 883 1238 960 quod
1258 881 1448 942 Casaubonus

294 982 403 1060 uoluit,
426 1001 524 1058 nuper
546 983 582 1042 ab
606 983 773 1042 Hillsclrero
792 979 953 1060 (Fleolrer's
970 985 1072 1056 Stpml.
1087 983 1207 1040 Xl'III
1215 1001 1249 1056 p.
1264 977 1343 1058 385)
1371 999 1447 1040 cont·

294 1079 477 1156 mendatum,
505 1079 554 1140 uel
582 1085 614 1142 m
642 1085 787 1141 memorio
817 1085 899 1140 uitae
929 1085 1006 1154 etus,
1034 1079 1114 1158 quod
1133 1079 1222 1156 ll'oll',
1252 1081 1351 1138 minus
1375 1079 1448 1136 mihi

209 1212 211 1215 -
294 1177 405 1256 placet,
441 1179 519 1256 quod
552 1179 710 1238 Suetonius
742 1195 866 1256 perraro
899 1179 1013 1238 auctori
1046 1179 1271 1256 inscriptionem
1301 1175 1370 1236 libri
1399 1175 1448 1236 ud-

296 1277 426 1353 scripsit.
461 1277 514 1336 sed
531 1285 598 1336 utut
618 1287 673 1354 est,
696 1284 774 1336 totus
798 1278 830 1334 in
853 1277 970 1354 patroni
996 1277 1040 1334 sui
1063 1277 1194 1336 sanorem
1216 1293 1383 1354 propensus
1407 1275 1448 1334 fa·

295 1373 364 1433 bula
385 1373 572 1434 diuinitatem
590 1377 655 1434 eius
675 1376 851 1434 confirmare
873 1373 929 1434 sibi
949 1375 1076 1454 uidetur,
1091 1373 1339 1452 quemadmodum
1360 1373 1447 1432 etiam

294 1473 409 1550 isqui
435 1473 614 1550 sequitur,
642 1472 767 1532 fortasse
790 1471 904 1532 Tiberii
929 1473 1019 1532 frater
1044 1465 1100 1556 (sie
1126 1471 1201 1532 Roth
1226 1469 1394 1532 dubitanter
1419 1473 1449 1530 iu

295 1569 395 1628 iudice
417 1590 452 1646 p.
471 1565 562 1652 334),
592 1573 651 1628 nisi
681 1589 789 1630 nomen
823 1579 994 1650 corruptum
1027 1579 1084 1652 estq
1117 1589 1185 1630 nam
1218 1565 1301 1650 (cum
1333 1569 1448 1646 uggera

294 1669 372 1728 Hist.
393 1670 560 1744 deuouere
576 1689 609 1744 p.
630 1663 688 1752 89)
713 1669 749 1728 de
776 1667 866 1728 Drusi
895 1667 961 1730 lulii
990 1667 1125 1730 Caesaris
1157 1671 1290 1728 oratione
1322 1665 1448 1746 funebri,

296 1783 354 1844 qua
384 1783 438 1843 pro
471 1769 578 1826 rostris
604 1767 771 1844 Augustum
799 1767 933 1826 laudauit
952 1763 1024 1844 (Dio
1045 1769 1094 1840 56,
1111 1763 1179 1846 34),
1206 1775 1328 1844 propter
1357 1763 1448 1826 uerba

295 1873 331 1922 m
351 1867 500 1940 scriptum
524 1867 608 1940 opud
635 1865 663 1924 C.
684 1867 818 1926 Drusum
842 1873 943 1926 earam
964 1869 1014 1926 uix
1039 1867 1149 1944 poterit
1171 1865 1303 1942 eogitari.
1340 1863 1449 1922 Contra

295 1961 410 2020 lulius
436 1955 494 2043 (sic
519 1958 726 2045 Memmianus)
753 1965 970 2024 Saturninus
1001 1967 1083 2024 testis
1114 1961 1298 2024 crudelitatis
1325 1961 1449 2040 Augusti

295 2057 462 2137 inducitur,
486 2077 577 2138 quem
603 2063 668 2120 siue
693 2061 753 2120 ulla
780 2081 869 2120 causa
892 2061 1041 2122 Burmann
1069 2059 1103 2120 ad
1129 2061 1145 2120 l.
1167 2081 1189 2120 s
1208 2059 1352 2120 Hadriani
1377 2069 1448 2120 tcm-

295 2157 419 2234 porihus
449 2157 540 2218 fuisse
570 2159 719 2236 opinatur,
743 2159 908 2236 Aquilius
935 2159 1043 2238 Niger
1072 2169 1170 2220 autem
1196 2151 1333 2240 (fortasse
1359 2159 1449 2234 Niger

297 2255 418 2314 Antonii
442 2257 556 2316 amicus
581 2275 625 2336 ap.
644 2257 834 2318 Plutarchum
853 2261 923 2318 Aut.
945 2277 968 2318 o.
990 2251 1046 2340 53)
1072 2277 1169 2336 pugna
1198 2257 1359 2318 Mutinensi
1382 2255 1448 2314 Hir·

295 2355 372 2412 tium
396 2351 522 2413 Pansam
546 2355 700 2414 consulem
723 2357 761 2414 ab
783 2375 819 2414 eo
842 2357 906 2432 ipso
936 2355 1129 2416 interiectum
1152 2373 1217 2414 esse
1243 2355 1376 2416 finxerat..
1408 2357 1448 2414 ita

297 2447 458 2511 Suetonius
476 2451 590 2513 fabulas
609 2453 740 2532 Augusto
762 2460 789 2514 et
810 2453 994 2533 adulatorias
1012 2459 1040 2513 et
1065 2455 1201 2515 inimicas
1223 2455 1352 2531 miscuit,
1378 2471 1449 2533 quas

296 2549 355 2609 iam
381 2568 414 2609 eo
438 2552 511 2611 uiuo
528 2550 638 2612 litteris
656 2552 809 2613 mandatas
831 2570 896 2613 csse
914 2552 951 2613 ll.
966 2552 1066 2631 Haupt
1081 2550 1140 2631 (op.
1156 2554 1177 2611 I
1194 2554 1243 2613 72.
1264 2556 1325 2613 trid.
1344 2554 1448 2613 Gesclt.

298 2648 407 2709 Litter.
422 2652 445 2707 I
456 2668 488 2723 p.
511 2649 590 2729 2171)
615 2650 834 2711 animaduertit.

672 2918 878 2991 saueius
907 2918 1074 2991 Maeuii

389 3094 578 3173 Separandus
604 3096 653 3155 hir
681 3105 727 3157 est
756 3096 789 3157 ab
823 3098 881 3157 illis
909 3104 1048 3177 quattuor
1078 3100 1129 3177 qui
1156 3096 1348 3175 antecedunt,
1379 3116 1449 3175 quo-

196 3271 199 3275 ·
298 3194 388 3267 niam,
411 3194 469 3253 etsi
492 3212 540 3255 res
565 3194 600 3254 ab
627 3214 660 3253 eo
684 3194 810 3255 traditae
836 3194 872 3255 ad
891 3196 1055 3273 Augustum
1079 3198 1238 3275 pertinent,
1263 3202 1358 3255 utram
1384 3214 1450 3275 par-

297 3296 359 3349 tem
381 3292 414 3348 in
433 3292 592 3351 scribendo
610 3302 731 3353 secutus
751 3297 797 3370 sit,
820 3294 992 3371 fragmentis
1013 3312 1072 3355 raon
1090 3294 1282 3373 significatur.
1318 3302 1450 3353 ceterum

297 3390 389 3447 etiam
411 3388 460 3448 hie
483 3390 548 3448 aliis
575 3390 608 3449 de
635 3410 668 3451 eo
693 3394 872 3453 testimoniis
898 3410 1044 3471 caremus3
1071 3412 1139 3453 nam
1162 3392 1240 3471 quod
1265 3410 1332 3453 cum
1351 3390 1449 3453 Macro

297 3484 421 3565 Pompei
450 3490 544 3547 amico
574 3490 715 3549 contusus
742 3497 800 3566 est,
831 3492 879 3551 hic
906 3490 1028 3569 Pompei
1056 3492 1175 3551 nomine
1204 3510 1275 3551 usus
1300 3498 1352 3549 est.
1390 3490 1451 3549 uid.

298 3584 423 3643 rictam
449 3586 488 3643 II
505 3578 551 3657 1²,
567 3606 599 3661 p.
616 3588 689 3647 246.

723 3836 763 3907 Τ.
789 3836 1031 3909 LABIENVS

389 4012 473 4071 Hunc
511 4021 659 4072 oratorem
697 4032 749 4073 sua
782 4024 877 4077 aetate
910 4016 1138 4077 celeberrimum
1171 4038 1238 4077 curti
1273 4016 1367 4097 legato
1400 4018 1451 4077 illo

300 4108 435 4169 Caesaris
462 4114 653 4171 coniunctum
675 4112 770 4173 fuisse
791 4132 940 4191 nusquam
964 4118 1124 4175 memoriae
1150 4116 1288 4177 traditum
1312 4122 1363 4177 est.
1399 4116 1451 4175 sed

298 4208 457 4287 uiolentia,
480 4228 538 4287 qua
565 4212 598 4269 iu
624 4212 790 4287 Augustum
819 4212 1017 4273 inuehehatur
1043 4212 1296 4293 Pompeianosque
1328 4218 1451 4293 spiritns

299 4306 457 4384 retinebat,
480 4310 632 4385 conspirat
660 4326 726 4368 eum
756 4308 823 4369 odio
847 4309 926 4371 illius
952 4314 980 4371 iu
1007 4320 1130 4391 fratrem,
1154 4320 1241 4391 atque
1267 4316 1323 4371 etsi
1346 4322 1451 4373 natura
