3234 4950
246 359 289 424 54
605 355 850 412 IMPERATORIS
872 357 1028 412 AVGVSTI

244 527 453 608 βωμολοχίας
484 523 545 606 οὐχ
578 521 821 604 ὑπομένοντας,
849 519 896 586 ὧν
925 523 977 586 καί
1008 523 1144 602 Μάρκος
1178 517 1217 604 ἦν
1248 525 1392 598 Σιλανὸς

243 619 299 686 καὶ
320 621 461 696 Δέλλιος
479 619 497 684 ὁ
519 622 692 705 ἱστορικός.
714 615 814 696 οὗτος
832 617 869 684 δὲ
889 619 942 684 καὶ
962 623 1071 684 δεῖσαί
1087 637 1192 704 φησιν
1211 619 1391 706 ἐπιβουλὴν

244 721 280 784 ἐκ
303 721 518 796 Κλεοπάτρας
540 721 696 784 Γλαύκου
717 727 777 780 τοῦ
804 721 919 804 ἰατροῦ
949 721 1137 802 φράσαντος
1160 719 1254 806 αὐτῷ.
1292 737 1392 800 προσμ

246 818 383 901 ἔκρουσε
401 815 439 882 δὲ
458 817 655 902 Κλεοπάτρα
673 817 762 899 παρά
779 819 918 882 δεῖπνον
940 817 1039 880 εἰπὼν
1061 817 1172 892 αὑτοῖς
1195 813 1256 900 μὲν
1279 815 1392 898 ὀξίνην

243 915 429 1000 ἐγχεῖσθαι,
459 917 655 1000 Σάρμεντον
684 911 720 978 δὲ
750 919 861 978 πίνειν
886 913 921 980 ἐν
942 913 1043 1000 Ῥώμῃ
1075 919 1269 998 Φαλερῖνον.
1309 913 1325 978 ὁ
1355 917 1417 980 ote

244 1015 435 1099 Σάρμεντος
457 1009 500 1096 ἦν
526 1027 594 1078 τῶν
618 1017 785 1097 Καίσαρος
816 1019 977 1096 παιγνίων
1006 1015 1193 1098 παιδάριον,
1217 1013 1235 1078 ὃ
1261 1015 1391 1096 δηλίκια

238 1111 391 1196 Ῥωμαῖοι
414 1118 584 1176 καλοῦσιν.

535 1373 859 1448 luPuerorue
889 1373 1097 1446 treveri

678 1537 731 1594 ou
757 1537 853 1594 um
880 1537 955 1594 sul

330 1693 388 1760 1²¹⁶.
411 1699 494 1758 Soet.
510 1699 624 1774 Λαμ2
646 1699 712 1776 lpse
732 1698 882 1774 Augustus
905 1697 980 1756 nihil
1004 1697 1130 1774 amplius
1149 1715 1238 1774 quam
1258 1699 1388 1774 equestri

240 1796 350 1858 familia
380 1805 476 1858 ortum
507 1815 537 1857 se
555 1797 671 1876 ¹scribit
698 1803 801 1856 uetere
830 1815 864 1856 ao
891 1795 1035 1872 locuplete
1066 1803 1094 1854 et
1124 1797 1151 1854 in
1188 1813 1244 1872 qua
1273 1795 1388 1872 primus

240 1903 360 1955 senator
384 1904 467 1974 pater
491 1915 564 1956 suus
586 1885 685 1954 luerit.

330 1991 361 2056 2.
390 1995 512 2056 Tertull.
531 1999 570 2056 de
588 2012 638 2054 ιιιι.
652 2013 678 2054 ο.
694 1994 737 2052 46
764 1991 918 2052 Noueruut
943 1999 971 2050 et
995 1991 1120 2050 Romani
1141 1993 1276 2050 ueritatis
1302 1991 1388 2052 huius

239 2091 320 2152 modi
348 2095 470 2152 somnia
510 2093 732 2152 reformatorem
760 2093 890 2170 imperii,
920 2089 1077 2170 puerulum
1108 2089 1202 2150 adhue
1228 2097 1256 2150 et
1278 2091 1389 2168 priuati

238 2191 296 2250 loei
325 2199 353 2252 et
383 2191 490 2252 lulium
515 2191 671 2250 Octauium
695 2197 810 2249 tautum
833 2197 863 2248 et
887 2189 945 2248 sihi
967 2191 1109 2266 ignotum,
1133 2187 1250 2248 Malous
1273 2187 1388 2248 Tullius

238 2291 297 2349 iam
327 2298 356 2350 et
384 2290 548 2368 Augustum
577 2297 605 2348 et
639 2287 771 2350 ciuilium
805 2287 956 2348 turbinum
991 2287 1171 2364 sepultorem
1204 2285 1241 2346 de
1273 2291 1388 2348 somnio

238 2395 334 2447 norat.
376 2391 407 2446 iu
428 2389 509 2448 uitae
531 2387 613 2446 illius
637 2387 857 2446 commentariis
883 2385 1030 2446 eonditum
1058 2393 1109 2444 est.

329 2596 356 2651 Ι.
378 2596 417 2663 Cf.
436 2598 524 2651 Vellei.
539 2598 581 2649 Π
593 2600 672 2661 59‚2
700 2595 765 2647 Fuit
789 2594 817 2647 Ο,
838 2594 971 2649 Octauius
997 2596 1026 2645 ut
1051 2612 1105 2647 non
1129 2592 1250 2663 patriola
1272 2594 1314 2647 ita
1339 2596 1387 2649 ad-

236 2666 351 2719 modum
379 2666 505 2735 speeiosa
531 2668 655 2735 equestri
679 2666 791 2737 genitus
817 2666 936 2733 familia,
960 2666 1068 2735 grauia,
1093 2668 1220 2731 sanetur,
1246 2666 1385 2735 innoeena

237 2738 327 2791 diues.
354 2738 401 2791 hie
419 2743 533 2807 praetor
552 2738 627 2793 inter
644 2738 833 2793 nobilissimos
853 2740 929 2791 uiros
949 2740 1058 2791 oreatus
1077 2738 1168 2805 primo
1188 2738 1258 2803 loeo,
1278 2756 1341 2791 oum
1363 2740 1387 2793 ei

237 2810 367 2877 dignatio
385 2810 458 2863 Iulia
474 2810 601 2879 genitam
621 2810 715 2865 Atiam
735 2810 913 2863 conciliasset
931 2826 1054 2875 uxorem,
1078 2826 1112 2861 ex
1131 2826 1162 2861 eo
1183 2810 1287 2861 honore
1308 2810 1387 2863 sorti-

236 2882 282 2933 tus
297 2882 494 2935 Macedoniam
509 2882 723 2951 appellatusque
738 2882 768 2933 in
782 2899 817 2933 ea
830 2882 991 2951 imperator,
1008 2880 1143 2933 decedens
1165 2880 1201 2933 ad
1220 2880 1387 2949 petitionem

237 2952 400 3007 consulatus
423 2954 497 3007 obiit
519 2956 697 3023 praetextato
714 2954 814 3007 relicto
832 2954 898 3007 filio.
929 2954 1017 3007 Nlool.
1034 2954 1118 3007 Dum.
1134 2954 1179 3005 De
1199 2952 1271 3005 Coeo.
1289 2954 1387 3009 καστά

307 3026 313 3041 t
382 3028 389 3041 x
519 3028 525 3045 5
557 3032 569 3041 ιν
625 3026 644 3045 lt.
800 3026 808 3045 Ι
892 3026 898 3045 2
931 3026 935 3043 l
1002 3034 1011 3043 n
1124 3032 1133 3043 ιη
1243 3028 1249 3043 *l
1380 3026 1385 3045 l

236 3026 335 3093 Πατηρ
359 3046 410 3093 μεν
435 3020 469 3093 ἦν
494 3046 569 3097 uoto)
589 3030 675 3087 Γαιος
692 3022 861 3091 Ὀκτάουιος,
886 3046 956 3095 eveo
979 3044 1032 3077 των
1054 3024 1082 3077 ἐκ
1102 3044 1150 3093 της
1171 3022 1329 3089 σνγκιήτον.
1361 3046 1386 3079 οι

237 3092 264 3149 δ’
286 3098 375 3149 αὐτοῦ
394 3098 537 3165 πρόγονοι,
558 3098 629 3151 κατά
645 3116 676 3149 τε
695 3100 816 3150 πλοῦτον
835 3098 883 3151 καὶ
901 3092 1055 3149 ἐπιείκειαν
1075 3092 1292 3165 ὀνομαστότατοι
1308 3096 1385 3163 γενό-

236 3186 318 3233 μενοι
336 3172 392 3221 κτλ.

266 3288 269 3291 ,
327 3240 356 3293 2.
383 3242 422 3305 Of.
444 3242 515 3295 Suet.
530 3242 602 3311 Αιιρ.
620 3246 654 3295 94
683 3242 719 3293 M.
735 3240 830 3293 Cicero
856 3242 883 3293 Or
903 3240 1052 3293 Caesarem
1074 3238 1103 3289 in
1129 3236 1300 3307 Capitolium
1322 3256 1385 3305 pro·

237 3312 348 3364 secutus
375 3312 513 3365 somnium
534 3312 672 3381 pristinae
691 3311 781 3365 noetis
802 3312 990 3365 familiaribus
1009 3310 1079 3363 forte
1099 3310 1248 3365 narrabat:
1267 3326 1385 3377 puerum

235 3380 309 3435 faeie
328 3382 450 3449 liberali,
468 3382 622 3437 demissum
640 3401 654 3437 e
674 3384 752 3437 eaelo
771 3386 872 3437 eatena
892 3400 985 3449 aurea,
1006 3382 1129 3433 adfores
1145 3380 1266 3449 Capitoli
1282 3384 1385 3437 eonsti-

234 3454 314 3519 iisse,
337 3454 419 3523 eique
438 3457 533 3509 Iouem
553 3456 698 3523 flagellum
714 3454 883 3521 tradidisse;
907 3456 1008 3509 deinde
1031 3456 1145 3521 repente
1168 3454 1384 3521 Augustorum,

236 3542 320 3593 quem
338 3526 467 3595 ignotum
486 3526 629 3595 plerisque
646 3528 740 3581 adhue
759 3526 913 3581 auunculus
935 3526 1035 3579 Caesar
1056 3524 1090 3577 ad
1111 3524 1323 3577 sacrificandum
1339 3542 1385 3579 ao-

235 3596 355 3664 cioerat‚
384 3597 538 3651 affirmauit
564 3598 655 3667 ipsum
684 3616 754 3665 esse,
779 3596 858 3651 euius
887 3600 980 3667 imago
1006 3596 1158 3649 seeundum
1183 3596 1307 3665 quietem
1329 3596 1384 3651 eibi

235 3668 386 3723 obuersata
409 3670 455 3723 sit.
483 3672 559 3725 Prot,
582 3671 636 3725 eie.
650 3676 687 3725 44
705 3668 817 3725 Ἐδόκει
840 3672 871 3725 δὲ
895 3670 943 3723 καὶ
964 3668 1063 3737 μείζων
1080 3688 1123 3731 τις
1141 3668 1218 3721 αἰτία
1239 3666 1384 3737 γεγονέναι

234 3748 284 3793 τοῦ
307 3740 356 3795 τὸν
381 3740 527 3807 Κικέρωνα
551 3740 690 3805 δέξασθαι
711 3743 866 3809 προθύμως
889 3742 941 3809 τὴν
959 3740 1103 3809 Καίσαρος
1123 3738 1227 3809 φιλίαν.
1261 3740 1301 3795 ἔτι
1320 3742 1382 3809 γάρ,

234 3812 272 3873 ὡς
290 3812 373 3881 ἔοικε,
393 3812 542 3881 Πομπηίον
562 3818 661 3877 ζῶντος
681 3814 728 3868 καὶ
743 3812 885 3881 Καίσαρος
899 3814 976 3877 ἔδοξε
997 3812 1068 3865 κατὰ
1086 3814 1149 3873 τοὺς
1169 3810 1275 3873 ὕπνους
1295 3810 1309 3863 ὁ
1328 3818 1379 3865 Κι-

325 4020 352 4075 5.
380 4020 407 4075 6.
432 4018 573 4095 σάρμετος
594 4020 676 4077 οοάά.
691 4018 813 4091 quidem

325 4100 356 4185 2,
384 4108 434 4165 13.
458 4110 581 4167 alterum
603 4115 635 4167 et
656 4126 710 4165 οικ.
725 4106 962 4181 Amoueamus)
1005 4106 1202 4167 Octauianum
1217 4110 1289 4165 coel.
1308 4108 1384 4167 Wis-

232 4214 314 4255 soloo
388 4198 438 4255 15.
460 4202 571 4255 norant
589 4198 704 4257 [λάινοί
721 4198 764 4253 ed.
811 4200 841 4255 iu
856 4198 988 4257 Vitelliis
1011 4216 1116 4257 oomm.
1136 4196 1166 4253 A
1186 4196 1226 4255 τά.
1250 4196 1384 4271 (λανριιικ

234 4280 280 4367 (in
299 4286 417 4345 Vitellii
441 4291 513 4345 οοιιί.
531 4280 695 4367 Βκςοίλίιιε)
719 4288 885 4347 emendaret
909 4290 945 4349 G.
966 4288 1046 4347 Voss,
1067 4288 1106 4345 orl
1127 4286 1195 4345 Vell.
1215 4286 1259 4343 II
1282 4286 1384 4357 59,1;

229 4394 388 4451 μοιμοιαιιι
404 4376 488 4433 illius
508 4378 566 4435 Ειλ.
580 4376 725 4435 Sel-warte
741 4376 840 4435 Ηιικιι.
859 4382 899 4437 33
915 4398 947 4451 μ.
962 4380 1027 4435 209
1049 4376 1086 4435 (τά
1105 4376 1268 4435 Οιῗοονοιισιιι
1286 4378 1383 4447 refert.
