3234 4950
298 368 455 415 CXXXVIH
547 346 593 399 ba
613 346 842 403 scelerosam
861 348 956 402 Viris
974 348 1022 401 ΕΤ
1040 348 1199 403 scalpris

298 520 523 591 narentanorum
544 518 562 575 I
572 536 604 591 p.
620 516 684 577 333
696 520 778 591 sum),
795 518 899 595 noluit,
921 523 953 575 et
971 516 1167 577 Corbulonem
1192 524 1221 577 et
1239 516 1375 575 Tacitum
1395 534 1443 575 res

297 616 504 693 geographicas
535 616 631 673 urinus
663 634 782 673 curasse
805 616 1003 674 censebimus,
1048 616 1097 675 hir
1122 634 1207 695 sane7
1233 622 1268 675 ut
1290 616 1346 673 arti
1371 634 1442 673 snae

297 714 490 791 satisfaceret,
530 712 697 773 nonrinilms
730 712 806 773 ultra
840 714 961 775 modum
990 718 1126 793 pepercit
1158 718 1279 787 (Gesclt.
1308 716 1380 773 titt.
1405 714 1446 771 H

289 832 321 889 p.
343 814 415 871 216.
434 810 577 885 Zdisp),
598 810 639 869 illi
665 820 771 891 autem,
795 814 846 889 uni
868 814 958 872 etiam
979 812 1084 871 boram
1106 814 1176 873 solis
1199 814 1330 871 delectus
1349 810 1439 871 adno-

296 916 410 969 tanerai
441 910 493 985 (fr.
518 910 562 987 1),
600 908 676 969 idem
716 910 834 971 crimini
865 909 935 971 dare
968 909 1018 971 uel
1047 910 1206 973 Rbaudeae
1237 912 1357 971 nomine
1391 910 1440 969 nel

297 1008 331 1067 lr.
352 1006 379 1069 3.
405 1004 424 1067 4
449 1006 502 1083 (cs.
524 1010 608 1081 ardre)
633 1014 778 1069 netamur.

558 1294 595 1367 O.
615 1294 878 1369 scribentis
908 1290 1182 1378 racemis)

385 1482 439 1543 Hic
465 1486 494 1543 in
521 1486 667 1543 contraria
688 1486 807 1561 imperii
831 1492 915 1563 parte
942 1486 1019 1543 lines
1044 1484 1183 1545 tuebatur
1208 1480 1343 1545 ‘scientia
1365 1484 1442 1543 mili-

296 1584 353 1641 tari
371 1588 400 1641 et
416 1600 535 1641 rumore
552 1582 655 1661 populi
674 1582 850 1643 Corbulonis
868 1591 1053 1644 concertator
1073 1591 1269 1663 receptaeque
1286 1583 1443 1643 armeniae

297 1680 385 1741 decus
416 1700 541 1759 aequare
569 1680 685 1743 domitis
716 1682 864 1743 Britannis
894 1680 1030 1759 cupiens'
1060 1674 1149 1764 (Tac.
1167 1684 1252 1741 XIV
1272 1682 1328 1760 29,
1356 1684 1442 1742 annis

296 1774 609 1863 taratra-erpere),
636 1780 775 1859 idemque
800 1784 889 1842 etiam
918 1782 1144 1841 commentarios
1170 1784 1303 1860 scripsit,
1336 1780 1442 1859 quibus

297 1896 344 1939 res
367 1880 397 1939 in
418 1878 608 1957 Mauretania,
630 1898 697 1939 cnm
723 1900 744 1939 a.
765 1874 884 1961 distet
910 1882 1023 1957 legatus
1044 1882 1212 1959 praetorius
1230 1889 1319 1958 esset,
1341 1900 1442 1959 perse-

297 1984 379 2037 cutns
407 1984 449 2035 est
476 1978 529 2053 (fr.
549 1978 593 2051 1).
639 1996 711 2037 num
741 1980 828 2039 etiarn
856 1978 933 2039 ultra
957 1996 1133 2057 progressus
1161 1980 1214 2056 sit,
1242 1978 1363 2039 dubium
1389 1985 1442 2039 est.

295 2074 409 2137 Plinius
436 2082 516 2135 certe
546 2080 632 2135 unius
663 2076 742 2155 libri,
774 2096 830 2157 qno
860 2076 1019 2155 descriptio
1046 2076 1245 2139 Mauretaniae
1276 2078 1443 2137 continetur

297 2166 358 2257 (V),
377 2182 527 2233 auctorem
549 2194 613 2235 enm
639 2178 742 2237 citauit
765 2184 795 2237 et
816 2176 850 2235 in
871 2176 971 2235 indice
993 2184 1025 2235 et
1046 2178 1077 2235 in
1097 2184 1178 2235 textu
1198 2194 1295 2255 neque
1315 2194 1442 2236 comme-

295 2280 462 2335 morauerat
490 2274 521 2333 in
550 2280 667 2353 quarto,
694 2294 751 2353 quo
778 2274 960 2351 Britanniae,
987 2277 1039 2353 qui
1066 2275 1131 2335 lons
1161 2278 1225 2335 eins
1252 2276 1361 2353 gloriae
1387 2276 1442 2335 tuit

297 2374 313 2445 (
313 2374 381 2433 Tne.
402 2374 469 2433 dist.
490 2374 529 2431 II
543 2374 586 2431 37
580 2374 608 2449 J,
632 2378 788 2453 postquam
805 2374 857 2433 uel
873 2392 951 2434 anno
970 2376 1036 2454 ipso
1053 2369 1181 2454 tamea
1202 2372 1250 2435 uel
1269 2374 1442 2455 paulopost

296 2468 398 2534 consul
428 2473 567 2532 suffectus
597 2470 664 2554 suit3
691 2491 759 2534 nam
789 2477 818 2534 in
850 2473 905 2534 bae
931 2475 1051 2552 regione
1080 2473 1193 2552 legatus
1222 2491 1277 2552 pro
1301 2479 1441 2552 praetore

297 2573 358 2630 acie
381 2573 469 2630 etiam
494 2571 602 2630 clarius
628 2591 678 2632 res
706 2573 798 2648 gessit
825 2591 914 2650 quam
936 2569 1077 2650 Corbulo,
1107 2571 1272 2654 descriptas
1299 2591 1315 2630 a
1339 2571 1441 2632 Tacito

295 2673 324 2730 in
349 2671 411 2730 uita
433 2669 584 2746 Agricolae
610 2687 631 2728 c.
657 2665 785 2730 14-16
810 2678 841 2730 et
862 2670 958 2732 fusius
984 2673 1016 2730 in
1044 2669 1199 2732 curulibus
1222 2669 1286 2730 xlv
1307 2667 1439 2732 29-*39

297 2777 323 2828 et
349 2789 364 2828 a
387 2765 488 2828 Cassio
511 2767 604 2828 Dione
624 2765 675 2846 62,
696 2765 813 2846 1-12,
839 2787 906 2828 cun]
921 2776 950 2828 et
966 2769 1097 2828 subactis
1114 2769 1285 2830 nationibus
1302 2771 1440 2832 firmatis·

296 2885 352 2948 qne
379 2867 538 2946 praesidiis
568 2865 689 2936 biennio
723 2885 879 2948 prosperas
914 2886 962 2928 res
993 2867 1117 2928 baberet
1146 2868 1236 2942 (Aac.
1256 2869 1313 2942 14)
1347 2874 1376 2927 et
1409 2872 1440 2928 in

295 2965 412 3026 Monam
438 2963 565 3026 insulam
589 2967 751 3026 exercitum
782 2968 921 3026 traiceret
950 2969 1041 3042 (Agr.
1059 2971 1077 3026 l.
1097 2987 1118 3026 r.
1140 2985 1212 3026 den.
1230 2985 1256 3026 c.
1273 2967 1381 3044 29sp.)
1411 2974 1441 3026 et

295 3063 364 3124 inde
388 3083 527 3124 reuersus
553 3065 726 3126 seditionem
751 3065 917 3126 Bnudiccae
943 3083 1001 3124 una
1032 3067 1123 3125 atroci
1153 3083 1249 3144 pugna
1279 3063 1440 3126 debellaret

296 3163 382 3238 (Aac.
405 3165 453 3222 ld.
476 3181 546 3224 dnn.
566 3181 591 3224 e.
612 3163 654 3224 31
665 3181 727 3240 sqq.
750 3165 808 3224 Dio
829 3183 856 3224 c.
870 3163 987 3242 lsqq).
1035 3162 1087 3224 sed
1114 3185 1129 3224 a
1159 3163 1232 3224 lulio
1260 3163 1439 3224 Classiciano

229 3305 230 3310 η
293 3269 487 3340 procuratore
514 3263 546 3320 in
577 3261 653 3322 urbe
687 3261 799 3322 delatus
826 3281 886 3322 uon
919 3263 1018 3323 minus
1048 3281 1136 3342 mam
1167 3261 1294 3322 Corbulo
1324 3265 1351 3322 si
1380 3281 1439 3323 uon

294 3367 400 3438 morte,
432 3367 528 3420 tamen
558 3379 731 3422 successore
754 3370 875 3440 accepto
900 3361 1027 3422 Neronis
1054 3361 1197 3422 inuidiam
1227 3368 1364 3440 expertus
1396 3369 1440 3422 est

295 3461 379 3530 (crau.
399 3461 484 3518 XIV
501 3459 596 3534 38rq.
620 3461 693 3536 Agr.
721 3461 786 3536 16),
814 3468 876 3520 tum
911 3479 983 3520 nero
1012 3461 1106 3538 gratia
1138 3459 1339 3538 redintegrata
1369 3479 1438 3520 cort·

294 3557 388 3618 sulatu
420 3557 567 3616 ordinario
593 3579 616 3616 a.
631 3553 757 3638 66d819
784 3561 911 3620 l'nnrtns
946 3557 1025 3618 bello
1041 3559 1121 3620 ciuili
1137 3559 1184 3618 hic
1205 3556 1439 3620 ‘uetustissimus

294 3649 508 3722 consularium’
535 3659 616 3728 (bist.
636 3657 742 3730 1137)
774 3675 913 3736 magnum
945 3659 1165 3717 nrnriimentum
1190 3659 1325 3736 partibus
1350 3657 1438 3718 litlin-

293 3757 388 3814 nianis
423 3755 491 3832 fuit,
514 3773 587 3832 'spuo
618 3755 691 3814 lama
731 3773 816 3816 nenio
855 3755 991 3816 militaris
1030 3759 1071 3816 rei
1110 3755 1244 3818 callidior
1276 3753 1439 3817 habebatur

294 3857 341 3926 (lt.
364 3855 400 3914 H
417 3855 482 3926 32).
530 3851 586 3912 illis
621 3861 718 3914 autem
750 3853 839 3914 uictis
867 3855 952 3914 beda
977 3857 1166 3914 excusatione
1188 3854 1265 3934 apud
1288 3855 1437 3914 Vitellium

294 3953 383 4012 uitam
408 3953 540 4010 seruauit
559 3951 601 4022 (b.
622 3953 660 4010 II
676 3953 732 4024 60)
756 3959 787 4010 et
804 3953 836 4010 in
855 3953 1035 4012 obscuritate
1054 3953 1177 4014 delituit.

294 4213 430 4280 quasdam
451 4229 496 4266 res
519 4213 646 4268 narrauit
671 4229 742 4282 quae
765 4215 853 4268 eriam
876 4217 950 4284 apud
975 4217 1105 4268 Tacitum
1125 4215 1309 4268 inueniuntur
1328 4217 1398 4283 (uid.
1416 4235 1436 4272 s.

288 4313 316 4364 pa
335 4297 441 4362 (sarran
462 4295 496 4346 de
510 4295 619 4346 ratione
633 4295 737 4362 tamen,
756 4311 828 4360 qnae
843 4295 977 4348 intereos
995 4295 1162 4364 intercedat,
1176 4295 1283 4350 indicia
1296 4295 1436 4350 deficiunt.

384 4381 407 4444 1)
429 4375 458 4428 V.
478 4375 587 4442 Prosop.
607 4375 640 4426 [ll
661 4395 687 4444 p.
703 4381 754 4428 '278
774 4395 801 4430 n.
817 4381 876 4430 694,
