<?xml version="1.0" encoding="UTF-8"?>
<!DOCTYPE html PUBLIC "-//W3C//DTD XHTML 1.0 Transitional//EN"
    "http://www.w3.org/TR/xhtml1/DTD/xhtml1-transitional.dtd">
<html xmlns="http://www.w3.org/1999/xhtml" xml:lang="en" lang="en">
 <head>
  <title>
</title>
<meta http-equiv="Content-Type" content="text/html;charset=utf-8" />
  <meta name='ocr-system' content='tesseract 3.04.00' />
  <meta name='ocr-capabilities' content='ocr_page ocr_carea ocr_par ocr_line ocrx_word'/>
</head>
<body>
  <div class='ocr_page' id='page_1' title='image "./historicorumrom03petegoog_0278.png"; bbox 0 0 3234 4950; ppageno 0'>
   <div class='ocr_carea' id='block_1_1' title="bbox 267 357 1056 422">
    <p class='ocr_par' dir='ltr' id='par_1_1' title="bbox 267 357 1056 422">
     <span class='ocr_line' id='line_1_1' title="bbox 267 357 1056 422; baseline 0 -12"><span class='ocrx_word' id='word_1_1' title='bbox 267 359 308 422; x_wconf 85' lang='grc'><strong><em>60</em></strong></span> <span class='ocrx_word' id='word_1_2' title='bbox 633 357 880 412; x_wconf 76' lang='lat' dir='ltr'>IMPERATORIS</span> <span class='ocrx_word' id='word_1_3' title='bbox 898 357 1056 414; x_wconf 79' lang='lat' dir='ltr'><strong>AVGVSTI</strong></span> 
     </span>
    </p>
   </div>
   <div class='ocr_carea' id='block_1_2' title="bbox 263 517 1537 3557">
    <p class='ocr_par' dir='ltr' id='par_1_2' title="bbox 263 517 1537 3557">
     <span class='ocr_line' id='line_1_2' title="bbox 264 517 1411 608; baseline -0.005 -20"><span class='ocrx_word' id='word_1_4' title='bbox 264 523 324 608; x_wconf 79' lang='grc' dir='ltr'><strong><em>μέν</em></strong></span> <span class='ocrx_word' id='word_1_5' title='bbox 348 523 576 588; x_wconf 72' lang='grc' dir='ltr'><strong><em>ἐπανελθόντα</em></strong></span> <span class='ocrx_word' id='word_1_6' title='bbox 598 525 724 586; x_wconf 78' lang='grc' dir='ltr'><em>πείσειν</em></span> <span class='ocrx_word' id='word_1_7' title='bbox 745 519 872 602; x_wconf 81' lang='grc' dir='ltr'><strong><em>ἑκόντα,</em></strong></span> <span class='ocrx_word' id='word_1_8' title='bbox 896 519 1105 606; x_wconf 86' lang='grc' dir='ltr'><strong><em>ἐπειγόμενος</em></strong></span> <span class='ocrx_word' id='word_1_9' title='bbox 1132 517 1166 584; x_wconf 75' lang='grc' dir='ltr'><strong><em>δέ</em></strong></span> <span class='ocrx_word' id='word_1_10' title='bbox 1188 520 1239 584; x_wconf 79' lang='grc' dir='ltr'><strong><em>ἐπὶ</em></strong></span> <span class='ocrx_word' id='word_1_11' title='bbox 1259 531 1316 604; x_wconf 76' lang='grc' dir='ltr'><strong><em>τῆς</em></strong></span> <span class='ocrx_word' id='word_1_12' title='bbox 1334 519 1411 602; x_wconf 74' lang='grc' dir='ltr'><strong><em>ἐμῆς</em></strong></span> 
     </span>
     <span class='ocr_line' id='line_1_3' title="bbox 266 617 1411 708; baseline -0.007 -22"><span class='ocrx_word' id='word_1_13' title='bbox 266 623 364 708; x_wconf 74' lang='grc' dir='ltr'><strong><em>ἀρχῆς</em></strong></span> <span class='ocrx_word' id='word_1_14' title='bbox 391 621 554 702; x_wconf 89' lang='grc' dir='ltr'><strong><em>γενέσθαι.</em></strong></span> <span class='ocrx_word' id='word_1_15' title='bbox 586 619 638 684; x_wconf 76' lang='grc' dir='ltr'><strong><em>καί</em></strong></span> <span class='ocrx_word' id='word_1_16' title='bbox 664 621 694 684; x_wconf 86' lang='grc' dir='ltr'><strong><em>εί</em></strong></span> <span class='ocrx_word' id='word_1_17' title='bbox 716 619 879 702; x_wconf 73' lang='grc' dir='ltr'><strong><em>κατῆρξας</em></strong></span> <span class='ocrx_word' id='word_1_18' title='bbox 901 621 954 700; x_wconf 89' lang='grc' dir='ltr'><strong><em>σύ,</em></strong></span> <span class='ocrx_word' id='word_1_19' title='bbox 976 623 1078 702; x_wconf 90' lang='grc' dir='ltr'><strong><em>μόνος</em></strong></span> <span class='ocrx_word' id='word_1_20' title='bbox 1096 619 1140 684; x_wconf 84' lang='grc' dir='ltr'><strong><em>ἀν</em></strong></span> <span class='ocrx_word' id='word_1_21' title='bbox 1157 617 1210 682; x_wconf 80' lang='grc' dir='ltr'><strong><em>καὶ</em></strong></span> <span class='ocrx_word' id='word_1_22' title='bbox 1232 622 1291 702; x_wconf 83' lang='grc' dir='ltr'><strong><em>τὴν</em></strong></span> <span class='ocrx_word' id='word_1_23' title='bbox 1313 617 1411 694; x_wconf 82' lang='grc' dir='ltr'><strong><em>δόξαν</em></strong></span> 
     </span>
     <span class='ocr_line' id='line_1_4' title="bbox 265 713 1411 804; baseline -0.005 -20"><span class='ocrx_word' id='word_1_24' title='bbox 265 717 354 804; x_wconf 83' lang='grc' dir='ltr'><strong><em>εἶχες.</em></strong></span> <span class='ocrx_word' id='word_1_25' title='bbox 395 717 462 784; x_wconf 83' lang='grc' dir='ltr'><strong><em>ἐπεὶ</em></strong></span> <span class='ocrx_word' id='word_1_26' title='bbox 491 717 528 782; x_wconf 77' lang='grc' dir='ltr'><strong><em>δέ</em></strong></span> <span class='ocrx_word' id='word_1_27' title='bbox 556 719 597 802; x_wconf 77' lang='grc' dir='ltr'><strong><em>δη</em></strong></span> <span class='ocrx_word' id='word_1_28' title='bbox 627 735 661 782; x_wconf 91' lang='grc' dir='ltr'><strong><em>σε</em></strong></span> <span class='ocrx_word' id='word_1_29' title='bbox 692 719 753 782; x_wconf 82' lang='grc' dir='ltr'><strong><em>οὐκ</em></strong></span> <span class='ocrx_word' id='word_1_30' title='bbox 780 721 933 798; x_wconf 85' lang='grc' dir='ltr'><strong><em>έίτειθον,</em></strong></span> <span class='ocrx_word' id='word_1_31' title='bbox 961 715 1054 804; x_wconf 73' lang='grc' dir='ltr'><strong><em>ᾤμην</em></strong></span> <span class='ocrx_word' id='word_1_32' title='bbox 1080 717 1192 782; x_wconf 86' lang='grc' dir='ltr'><strong><em>ἐλθὼν</em></strong></span> <span class='ocrx_word' id='word_1_33' title='bbox 1214 716 1267 780; x_wconf 81' lang='grc' dir='ltr'><strong><em>ἐπὶ</em></strong></span> <span class='ocrx_word' id='word_1_34' title='bbox 1285 713 1411 798; x_wconf 81' lang='grc' dir='ltr'><strong><em>Ῥώμην</em></strong></span> 
     </span>
     <span class='ocr_line' id='line_1_5' title="bbox 264 813 1415 900; baseline -0.005 -18"><span class='ocrx_word' id='word_1_35' title='bbox 264 817 318 882; x_wconf 80' lang='grc' dir='ltr'><strong><em>καί</em></strong></span> <span class='ocrx_word' id='word_1_36' title='bbox 347 815 546 900; x_wconf 88' lang='grc' dir='ltr'><strong><em>ἀναγκάσαι,</em></strong></span> <span class='ocrx_word' id='word_1_37' title='bbox 572 819 707 898; x_wconf 76' lang='grc' dir='ltr'><em>πολίτης</em></span> <span class='ocrx_word' id='word_1_38' title='bbox 731 839 765 880; x_wconf 88' lang='grc' dir='ltr'><strong><em>τε</em></strong></span> <span class='ocrx_word' id='word_1_39' title='bbox 788 815 837 879; x_wconf 77' lang='grc' dir='ltr'><strong><em>ὢν</em></strong></span> <span class='ocrx_word' id='word_1_40' title='bbox 859 813 913 878; x_wconf 83' lang='grc' dir='ltr'><strong><em>καί</em></strong></span> <span class='ocrx_word' id='word_1_41' title='bbox 941 818 1105 899; x_wconf 82' lang='grc' dir='ltr'><strong><em>γνώριμος</em></strong></span> <span class='ocrx_word' id='word_1_42' title='bbox 1129 813 1182 880; x_wconf 79' lang='grc' dir='ltr'><strong><em>καί</em></strong></span> <span class='ocrx_word' id='word_1_43' title='bbox 1205 815 1338 888; x_wconf 79' lang='grc' dir='ltr'><strong><em>ὕπατος.</em></strong></span> <span class='ocrx_word' id='word_1_44' title='bbox 1378 813 1415 876; x_wconf 86' lang='grc' dir='ltr'><strong><em>αί</em></strong></span> 
     </span>
     <span class='ocr_line' id='line_1_6' title="bbox 263 909 1439 1000; baseline -0.007 -22"><span class='ocrx_word' id='word_1_45' title='bbox 263 913 324 1000; x_wconf 76' lang='grc' dir='ltr'><strong><em>μέν</em></strong></span> <span class='ocrx_word' id='word_1_46' title='bbox 351 917 453 978; x_wconf 85' lang='grc' dir='ltr'><strong><em>αι’τίαι</em></strong></span> <span class='ocrx_word' id='word_1_47' title='bbox 483 913 526 978; x_wconf 86' lang='grc' dir='ltr'><strong><em>δι’</em></strong></span> <span class='ocrx_word' id='word_1_48' title='bbox 555 915 593 990; x_wconf 79' lang='grc' dir='ltr'><strong><em>ἃς</em></strong></span> <span class='ocrx_word' id='word_1_49' title='bbox 625 915 819 998; x_wconf 76' lang='grc' dir='ltr'><strong><em>ἐπολέμησα,</em></strong></span> <span class='ocrx_word' id='word_1_50' title='bbox 841 909 940 978; x_wconf 85' lang='grc' dir='ltr'><strong><em>αὗται</em></strong></span> <span class='ocrx_word' id='word_1_51' title='bbox 962 919 1073 996; x_wconf 91' lang='grc' dir='ltr'><strong><em>μόναι,</em></strong></span> <span class='ocrx_word' id='word_1_52' title='bbox 1094 913 1148 978; x_wconf 83' lang='grc' dir='ltr'><strong><em>καὶ</em></strong></span> <span class='ocrx_word' id='word_1_53' title='bbox 1174 913 1291 978; x_wconf 80' lang='grc' dir='ltr'><strong><em>οὔτεὸ</em></strong></span> <span class='ocrx_word' id='word_1_54' title='bbox 1319 911 1439 976; x_wconf 77' lang='grc' dir='ltr'><strong><em>ἀδελ-ε</em></strong></span> 
     </span>
     <span class='ocr_line' id='line_1_7' title="bbox 265 1011 1411 1098; baseline -0.004 -20"><span class='ocrx_word' id='word_1_55' title='bbox 265 1015 329 1098; x_wconf 91' lang='grc' dir='ltr'><strong><em>φὸς</em></strong></span> <span class='ocrx_word' id='word_1_56' title='bbox 355 1015 431 1076; x_wconf 87' lang='grc' dir='ltr'><strong><em>οῦτε</em></strong></span> <span class='ocrx_word' id='word_1_57' title='bbox 457 1013 588 1088; x_wconf 85' lang='grc' dir='ltr'><strong><em>Μάνιος</em></strong></span> <span class='ocrx_word' id='word_1_58' title='bbox 616 1015 693 1076; x_wconf 80' lang='grc' dir='ltr'><strong><em>οὔτε</em></strong></span> <span class='ocrx_word' id='word_1_59' title='bbox 722 1015 896 1076; x_wconf 89' lang='grc' dir='ltr'><strong><em>Φονλουία</em></strong></span> <span class='ocrx_word' id='word_1_60' title='bbox 923 1013 1002 1076; x_wconf 82' lang='grc' dir='ltr'><strong><em>οὔτε</em></strong></span> <span class='ocrx_word' id='word_1_61' title='bbox 1027 1011 1047 1092; x_wconf 78' lang='grc' dir='ltr'>ἡ</span> <span class='ocrx_word' id='word_1_62' title='bbox 1077 1015 1258 1096; x_wconf 79' lang='grc' dir='ltr'><strong><em>κληρουχία</em></strong></span> <span class='ocrx_word' id='word_1_63' title='bbox 1283 1023 1352 1074; x_wconf 81' lang='grc' dir='ltr'><strong><em>τῶν</em></strong></span> <span class='ocrx_word' id='word_1_64' title='bbox 1376 1011 1411 1074; x_wconf 85' lang='grc' dir='ltr'><strong><em>ἐν</em></strong></span> 
     </span>
     <span class='ocr_line' id='line_1_8' title="bbox 267 1107 1411 1194; baseline -0.005 -18"><span class='ocrx_word' id='word_1_65' title='bbox 267 1115 446 1186; x_wconf 78' lang='grc' dir='ltr'><strong><em>Φιλίπποις</em></strong></span> <span class='ocrx_word' id='word_1_66' title='bbox 473 1113 747 1194; x_wconf 78' lang='grc' dir='ltr'><strong><em>πεπολεμηκότων</em></strong></span> <span class='ocrx_word' id='word_1_67' title='bbox 775 1111 850 1174; x_wconf 80' lang='grc' dir='ltr'><strong><em>οὔτε</em></strong></span> <span class='ocrx_word' id='word_1_68' title='bbox 880 1107 969 1186; x_wconf 78' lang='grc' dir='ltr'><strong><em>ἔλεος</em></strong></span> <span class='ocrx_word' id='word_1_69' title='bbox 997 1121 1064 1174; x_wconf 80' lang='grc' dir='ltr'><strong><em>τῶν</em></strong></span> <span class='ocrx_word' id='word_1_70' title='bbox 1091 1123 1248 1193; x_wconf 83' lang='grc' dir='ltr'><strong><em>γεωργῶν</em></strong></span> <span class='ocrx_word' id='word_1_71' title='bbox 1274 1111 1315 1172; x_wconf 79' lang='grc' dir='ltr'><strong><em>τά</em></strong></span> <span class='ocrx_word' id='word_1_72' title='bbox 1336 1109 1411 1188; x_wconf 81' lang='grc' dir='ltr'><strong><em>κτή-</em></strong></span> 
     </span>
     <span class='ocr_line' id='line_1_9' title="bbox 263 1207 1411 1294; baseline -0.003 -22"><span class='ocrx_word' id='word_1_73' title='bbox 263 1233 346 1294; x_wconf 86' lang='grc' dir='ltr'><strong><em>ματα</em></strong></span> <span class='ocrx_word' id='word_1_74' title='bbox 381 1207 651 1292; x_wconf 76' lang='grc' dir='ltr'><strong><em>ἀφαιρουμένων,</em></strong></span> <span class='ocrx_word' id='word_1_75' title='bbox 686 1207 755 1272; x_wconf 85' lang='grc' dir='ltr'><strong><em>ἐπεὶ</em></strong></span> <span class='ocrx_word' id='word_1_76' title='bbox 785 1209 878 1290; x_wconf 88' lang='grc' dir='ltr'><strong><em>κάγὼ</em></strong></span> <span class='ocrx_word' id='word_1_77' title='bbox 908 1221 979 1284; x_wconf 77' lang='grc' dir='ltr'><strong><em>τοῖς</em></strong></span> <span class='ocrx_word' id='word_1_78' title='bbox 1011 1217 1072 1272; x_wconf 92' lang='grc' dir='ltr'><strong><em>τοῦ</em></strong></span> <span class='ocrx_word' id='word_1_79' title='bbox 1103 1208 1254 1290; x_wconf 88' lang='grc' dir='ltr'><strong><em>ἀδελφοῦ</em></strong></span> <span class='ocrx_word' id='word_1_80' title='bbox 1283 1207 1411 1272; x_wconf 79' lang='grc' dir='ltr'><strong><em>τέλεσιν</em></strong></span> 
     </span>
     <span class='ocr_line' id='line_1_10' title="bbox 263 1307 1410 1391; baseline -0.005 -17"><span class='ocrx_word' id='word_1_81' title='bbox 263 1307 408 1382; x_wconf 86' lang='grc' dir='ltr'><strong><em>οίκιστάς</em></strong></span> <span class='ocrx_word' id='word_1_82' title='bbox 432 1309 548 1386; x_wconf 78' lang='grc' dir='ltr'><strong><em>ἔδωκα,</em></strong></span> <span class='ocrx_word' id='word_1_83' title='bbox 575 1311 607 1372; x_wconf 80' lang='grc' dir='ltr'><strong><em>ολ</em></strong></span> <span class='ocrx_word' id='word_1_84' title='bbox 629 1307 667 1370; x_wconf 89' lang='grc' dir='ltr'><strong><em>τά</em></strong></span> <span class='ocrx_word' id='word_1_85' title='bbox 692 1319 759 1370; x_wconf 81' lang='grc' dir='ltr'><strong><em>τῶν</em></strong></span> <span class='ocrx_word' id='word_1_86' title='bbox 781 1317 940 1391; x_wconf 77' lang='grc' dir='ltr'><strong><em>γεωργῶν</em></strong></span> <span class='ocrx_word' id='word_1_87' title='bbox 962 1307 1206 1391; x_wconf 77' lang='grc' dir='ltr'><strong><em>ἀφαιρούμενοι</em></strong></span> <span class='ocrx_word' id='word_1_88' title='bbox 1226 1317 1296 1380; x_wconf 75' lang='grc' dir='ltr'><strong><em>τοῖς</em></strong></span> <span class='ocrx_word' id='word_1_89' title='bbox 1315 1323 1410 1386; x_wconf 88' lang='grc' dir='ltr'><strong><em>στρα-</em></strong></span> 
     </span>
     <span class='ocr_line' id='line_1_11' title="bbox 263 1403 1452 1488; baseline -0.008 -18"><span class='ocrx_word' id='word_1_90' title='bbox 263 1405 476 1488; x_wconf 87' lang='grc' dir='ltr'><strong><em>τευσαμένοις</em></strong></span> <span class='ocrx_word' id='word_1_91' title='bbox 502 1403 661 1488; x_wconf 87' lang='grc' dir='ltr'><strong><em>διένεμον.</em></strong></span> <span class='ocrx_word' id='word_1_92' title='bbox 701 1405 782 1470; x_wconf 90' lang='grc' dir='ltr'><strong><em>ἀλλά</em></strong></span> <span class='ocrx_word' id='word_1_93' title='bbox 801 1429 841 1488; x_wconf 92' lang='grc' dir='ltr'><strong><em>με</em></strong></span> <span class='ocrx_word' id='word_1_94' title='bbox 860 1407 902 1470; x_wconf 84' lang='grc' dir='ltr'><strong><em>σὺ</em></strong></span> <span class='ocrx_word' id='word_1_95' title='bbox 921 1407 1021 1486; x_wconf 78' lang='grc' dir='ltr'><strong><em>τήνδε</em></strong></span> <span class='ocrx_word' id='word_1_96' title='bbox 1039 1407 1099 1486; x_wconf 83' lang='grc' dir='ltr'><strong><em>την</em></strong></span> <span class='ocrx_word' id='word_1_97' title='bbox 1121 1405 1279 1488; x_wconf 79' lang='grc' dir='ltr'><strong><em>διαβολὴν</em></strong></span> <span class='ocrx_word' id='word_1_98' title='bbox 1301 1404 1412 1477; x_wconf 82' lang='grc' dir='ltr'><strong><em>αὐτοῖς</em></strong></span> <span class='ocrx_word' id='word_1_99' title='bbox 1427 1425 1452 1462; x_wconf 79' lang='grc' dir='ltr'><strong><em>1ο</em></strong></span> 
     </span>
     <span class='ocr_line' id='line_1_12' title="bbox 266 1496 1537 1588; baseline -0.003 -18"><span class='ocrx_word' id='word_1_100' title='bbox 266 1503 444 1588; x_wconf 90' lang='grc' dir='ltr'><strong><em>διέβαλλες,</em></strong></span> <span class='ocrx_word' id='word_1_101' title='bbox 468 1505 529 1584; x_wconf 80' lang='grc' dir='ltr'><strong><em>τὴν</em></strong></span> <span class='ocrx_word' id='word_1_102' title='bbox 551 1507 660 1566; x_wconf 74' lang='grc' dir='ltr'><strong><em>αἰτίαν</em></strong></span> <span class='ocrx_word' id='word_1_103' title='bbox 686 1513 744 1566; x_wconf 91' lang='grc' dir='ltr'><strong><em>τοῦ</em></strong></span> <span class='ocrx_word' id='word_1_104' title='bbox 769 1503 913 1584; x_wconf 88' lang='grc' dir='ltr'><strong><em>πολέμου</em></strong></span> <span class='ocrx_word' id='word_1_105' title='bbox 941 1504 1136 1588; x_wconf 80' lang='grc' dir='ltr'><strong><em>μεταφέρων</em></strong></span> <span class='ocrx_word' id='word_1_106' title='bbox 1162 1502 1215 1566; x_wconf 79' lang='grc' dir='ltr'><strong><em>ἐπὶ</em></strong></span> <span class='ocrx_word' id='word_1_107' title='bbox 1248 1505 1309 1586; x_wconf 83' lang='grc' dir='ltr'><strong><em>τὴν</em></strong></span> <span class='ocrx_word' id='word_1_108' title='bbox 1334 1508 1411 1584; x_wconf 91' lang='grc' dir='ltr'><strong><em>κλη-</em></strong></span> <span class='ocrx_word' id='word_1_109' title='bbox 1535 1496 1537 1515; x_wconf 68' lang='lat'>⁵</span> 
     </span>
     <span class='ocr_line' id='line_1_13' title="bbox 266 1599 1411 1688; baseline -0.003 -22"><span class='ocrx_word' id='word_1_110' title='bbox 266 1605 405 1686; x_wconf 89' lang='grc' dir='ltr'><strong><em>ρονχίαν</em></strong></span> <span class='ocrx_word' id='word_1_111' title='bbox 428 1601 490 1666; x_wconf 87' lang='grc' dir='ltr'><strong><em>ἀπὸ</em></strong></span> <span class='ocrx_word' id='word_1_112' title='bbox 517 1611 655 1682; x_wconf 87' lang='grc' dir='ltr'><strong><em>σαυτοῦ,</em></strong></span> <span class='ocrx_word' id='word_1_113' title='bbox 684 1599 736 1666; x_wconf 85' lang='grc' dir='ltr'><strong><em>καὶ</em></strong></span> <span class='ocrx_word' id='word_1_114' title='bbox 771 1603 854 1688; x_wconf 78' lang='grc' dir='ltr'><strong><em>τῷδε</em></strong></span> <span class='ocrx_word' id='word_1_115' title='bbox 887 1601 1027 1684; x_wconf 91' lang='grc' dir='ltr'><strong><em>μάλιστα</em></strong></span> <span class='ocrx_word' id='word_1_116' title='bbox 1062 1602 1184 1675; x_wconf 84' lang='grc' dir='ltr'><strong><em>αὐτοὺς</em></strong></span> <span class='ocrx_word' id='word_1_117' title='bbox 1215 1599 1301 1664; x_wconf 83' lang='grc' dir='ltr'><strong><em>ἑλὼν</em></strong></span> <span class='ocrx_word' id='word_1_118' title='bbox 1331 1599 1411 1681; x_wconf 83' lang='grc' dir='ltr'><strong><em>ἐμοῦ</em></strong></span> 
     </span>
     <span class='ocr_line' id='line_1_14' title="bbox 263 1696 1411 1786; baseline -0.004 -20"><span class='ocrx_word' id='word_1_119' title='bbox 263 1701 469 1786; x_wconf 79' lang='grc' dir='ltr'><strong><em>κεκράτηκας.</em></strong></span> <span class='ocrx_word' id='word_1_120' title='bbox 505 1701 750 1782; x_wconf 74' lang='grc' dir='ltr'><strong><em>ἀνεπείσθησαν</em></strong></span> <span class='ocrx_word' id='word_1_121' title='bbox 773 1701 835 1782; x_wconf 82' lang='grc' dir='ltr'><strong><em>γάρ</em></strong></span> <span class='ocrx_word' id='word_1_122' title='bbox 864 1705 1084 1782; x_wconf 84' lang='grc' dir='ltr'><strong><em>πολεμεῖσθαί</em></strong></span> <span class='ocrx_word' id='word_1_123' title='bbox 1109 1723 1144 1764; x_wconf 88' lang='grc' dir='ltr'><strong><em>τε</em></strong></span> <span class='ocrx_word' id='word_1_124' title='bbox 1169 1697 1224 1764; x_wconf 77' lang='grc' dir='ltr'><strong><em>ὑπ’</em></strong></span> <span class='ocrx_word' id='word_1_125' title='bbox 1254 1699 1333 1782; x_wconf 84' lang='grc' dir='ltr'><strong><em>ἐμοῦ</em></strong></span> <span class='ocrx_word' id='word_1_126' title='bbox 1358 1696 1411 1764; x_wconf 84' lang='grc' dir='ltr'><strong><em>καὶ</em></strong></span> 
     </span>
     <span class='ocr_line' id='line_1_15' title="bbox 263 1797 1411 1884; baseline -0.003 -20"><span class='ocrx_word' id='word_1_127' title='bbox 263 1799 456 1884; x_wconf 87' lang='grc' dir='ltr'><strong><em>ἀμύνεσθαί</em></strong></span> <span class='ocrx_word' id='word_1_128' title='bbox 482 1823 523 1882; x_wconf 85' lang='grc' dir='ltr'><strong><em>με</em></strong></span> <span class='ocrx_word' id='word_1_129' title='bbox 555 1797 744 1862; x_wconf 86' lang='grc' dir='ltr'><strong><em>ἀδικοῦντα.</em></strong></span> <span class='ocrx_word' id='word_1_130' title='bbox 782 1799 950 1882; x_wconf 77' lang='grc' dir='ltr'><strong><em>τεχνάζειν</em></strong></span> <span class='ocrx_word' id='word_1_131' title='bbox 980 1797 1042 1882; x_wconf 71' lang='grc' dir='ltr'><strong><em>μέν</em></strong></span> <span class='ocrx_word' id='word_1_132' title='bbox 1074 1801 1117 1878; x_wconf 80' lang='grc' dir='ltr'><strong><em>δή</em></strong></span> <span class='ocrx_word' id='word_1_133' title='bbox 1148 1815 1186 1861; x_wconf 90' lang='grc' dir='ltr'><strong><em>σε</em></strong></span> <span class='ocrx_word' id='word_1_134' title='bbox 1215 1797 1283 1862; x_wconf 76' lang='grc' dir='ltr'><strong><em>ἔδει</em></strong></span> <span class='ocrx_word' id='word_1_135' title='bbox 1317 1803 1411 1862; x_wconf 82' lang='grc' dir='ltr'><strong><em>πολε-</em></strong></span> 
     </span>
     <span class='ocr_line' id='line_1_16' title="bbox 263 1892 1453 1982; baseline -0.004 -19"><span class='ocrx_word' id='word_1_136' title='bbox 263 1905 401 1982; x_wconf 90' lang='grc' dir='ltr'><strong><em>μοῦντα·</em></strong></span> <span class='ocrx_word' id='word_1_137' title='bbox 439 1899 619 1980; x_wconf 78' lang='grc' dir='ltr'><strong><em>νικήσαντα</em></strong></span> <span class='ocrx_word' id='word_1_138' title='bbox 644 1895 695 1976; x_wconf 89' lang='grc' dir='ltr'><strong><em>δέ,</em></strong></span> <span class='ocrx_word' id='word_1_139' title='bbox 722 1899 754 1960; x_wconf 87' lang='grc' dir='ltr'><strong><em>εί</em></strong></span> <span class='ocrx_word' id='word_1_140' title='bbox 775 1893 835 1980; x_wconf 71' lang='grc' dir='ltr'><strong><em>μὲν</em></strong></span> <span class='ocrx_word' id='word_1_141' title='bbox 859 1896 979 1980; x_wconf 86' lang='grc' dir='ltr'><strong><em>ἐχθρὸς</em></strong></span> <span class='ocrx_word' id='word_1_142' title='bbox 1004 1892 1034 1962; x_wconf 81' lang='grc' dir='ltr'><strong><em>εἶ</em></strong></span> <span class='ocrx_word' id='word_1_143' title='bbox 1057 1907 1113 1980; x_wconf 79' lang='grc' dir='ltr'><strong><em>της</em></strong></span> <span class='ocrx_word' id='word_1_144' title='bbox 1136 1899 1309 1978; x_wconf 86' lang='grc' dir='ltr'><strong><em>πατρίδος,</em></strong></span> <span class='ocrx_word' id='word_1_145' title='bbox 1330 1893 1411 1980; x_wconf 76' lang='grc' dir='ltr'><strong><em>κάμὲ</em></strong></span> <span class='ocrx_word' id='word_1_146' title='bbox 1427 1917 1453 1958; x_wconf 73' lang='grc' dir='ltr'><strong><em>τε</em></strong></span> 
     </span>
     <span class='ocr_line' id='line_1_17' title="bbox 263 1991 1412 2080; baseline 0 -22"><span class='ocrx_word' id='word_1_147' title='bbox 263 1995 417 2078; x_wconf 77' lang='grc' dir='ltr'><strong><em>ἡγεῖσθαι</em></strong></span> <span class='ocrx_word' id='word_1_148' title='bbox 443 1995 609 2078; x_wconf 88' lang='grc' dir='ltr'><strong><em>πολέμιον,</em></strong></span> <span class='ocrx_word' id='word_1_149' title='bbox 637 1995 654 2058; x_wconf 87' lang='grc' dir='ltr'><strong><em>ἀ</em></strong></span> <span class='ocrx_word' id='word_1_150' title='bbox 678 1991 774 2070; x_wconf 81' lang='grc' dir='ltr'><strong><em>ἐδοξα</em></strong></span> <span class='ocrx_word' id='word_1_151' title='bbox 803 1998 972 2058; x_wconf 89' lang='grc' dir='ltr'><strong><em>συνοίσειν</em></strong></span> <span class='ocrx_word' id='word_1_152' title='bbox 998 1995 1080 2080; x_wconf 72' lang='grc' dir='ltr'><strong><em>αὐτῇ</em></strong></span> <span class='ocrx_word' id='word_1_153' title='bbox 1108 1995 1319 2078; x_wconf 79' lang='grc' dir='ltr'><strong><em>βουληθέντα</em></strong></span> <span class='ocrx_word' id='word_1_154' title='bbox 1340 1995 1412 2078; x_wconf 90' lang='grc' dir='ltr'><strong><em>μέν,</em></strong></span> 
     </span>
     <span class='ocr_line' id='line_1_18' title="bbox 265 2089 1412 2178; baseline -0.003 -19"><span class='ocrx_word' id='word_1_155' title='bbox 265 2095 302 2160; x_wconf 82' lang='grc' dir='ltr'><strong><em>οδ</em></strong></span> <span class='ocrx_word' id='word_1_156' title='bbox 330 2093 519 2176; x_wconf 87' lang='grc' dir='ltr'><strong><em>δυνηθέντα</em></strong></span> <span class='ocrx_word' id='word_1_157' title='bbox 544 2089 581 2156; x_wconf 83' lang='grc' dir='ltr'><strong><em>δέ</em></strong></span> <span class='ocrx_word' id='word_1_158' title='bbox 604 2093 659 2156; x_wconf 89' lang='grc' dir='ltr'><strong><em>διά</em></strong></span> <span class='ocrx_word' id='word_1_159' title='bbox 683 2097 788 2178; x_wconf 91' lang='grc' dir='ltr'><strong><em>λιμόν.</em></strong></span> <span class='ocrx_word' id='word_1_160' title='bbox 829 2097 908 2170; x_wconf 70' lang='grc'><em>(44.)</em></span> <span class='ocrx_word' id='word_1_161' title='bbox 936 2093 1029 2176; x_wconf 82' lang='grc' dir='ltr'><strong><em>Λέγω</em></strong></span> <span class='ocrx_word' id='word_1_162' title='bbox 1051 2091 1086 2158; x_wconf 79' lang='grc' dir='ltr'><strong><em>δέ</em></strong></span> <span class='ocrx_word' id='word_1_163' title='bbox 1106 2103 1208 2156; x_wconf 89' lang='grc' dir='ltr'><strong><em>ταῦτα</em></strong></span> <span class='ocrx_word' id='word_1_164' title='bbox 1228 2097 1290 2176; x_wconf 82' lang='grc' dir='ltr'><strong><em>ἐγὼ</em></strong></span> <span class='ocrx_word' id='word_1_165' title='bbox 1312 2093 1412 2177; x_wconf 84' lang='grc' dir='ltr'><strong><em>ἐγχει-</em></strong></span> 
     </span>
     <span class='ocr_line' id='line_1_19' title="bbox 264 2185 1411 2276; baseline -0.001 -20"><span class='ocrx_word' id='word_1_166' title='bbox 264 2195 360 2276; x_wconf 78' lang='grc' dir='ltr'><strong><em>ρίζων</em></strong></span> <span class='ocrx_word' id='word_1_167' title='bbox 386 2187 446 2274; x_wconf 75' lang='grc' dir='ltr'><strong><em>μέν</em></strong></span> <span class='ocrx_word' id='word_1_168' title='bbox 470 2191 611 2274; x_wconf 86' lang='grc' dir='ltr'><strong><em>ἐμαυτόν</em></strong></span> <span class='ocrx_word' id='word_1_169' title='bbox 637 2207 700 2274; x_wconf 88' lang='grc' dir='ltr'><strong><em>σοι,</em></strong></span> <span class='ocrx_word' id='word_1_170' title='bbox 722 2193 876 2275; x_wconf 88' lang='grc' dir='ltr'><strong><em>καθάπερ</em></strong></span> <span class='ocrx_word' id='word_1_171' title='bbox 899 2185 1004 2273; x_wconf 79' lang='grc' dir='ltr'><strong><em>εἷπον,</em></strong></span> <span class='ocrx_word' id='word_1_172' title='bbox 1031 2191 1066 2268; x_wconf 89' lang='grc' dir='ltr'><strong><em>ές</em></strong></span> <span class='ocrx_word' id='word_1_173' title='bbox 1088 2191 1106 2256; x_wconf 85' lang='grc' dir='ltr'><strong><em>ό</em></strong></span> <span class='ocrx_word' id='word_1_174' title='bbox 1130 2215 1159 2254; x_wconf 91' lang='grc' dir='ltr'><strong><em>τι</em></strong></span> <span class='ocrx_word' id='word_1_175' title='bbox 1185 2191 1309 2274; x_wconf 87' lang='grc' dir='ltr'><strong><em>θέλοις,</em></strong></span> <span class='ocrx_word' id='word_1_176' title='bbox 1331 2193 1411 2256; x_wconf 84' lang='grc' dir='ltr'><strong><em>ὑπο-</em></strong></span> 
     </span>
     <span class='ocr_line' id='line_1_20' title="bbox 264 2281 1411 2376; baseline -0.001 -23"><span class='ocrx_word' id='word_1_177' title='bbox 264 2289 396 2364; x_wconf 81' lang='grc' dir='ltr'><strong><em>δεικνὺς</em></strong></span> <span class='ocrx_word' id='word_1_178' title='bbox 419 2283 457 2352; x_wconf 79' lang='grc' dir='ltr'><strong><em>δέ</em></strong></span> <span class='ocrx_word' id='word_1_179' title='bbox 480 2281 534 2352; x_wconf 81' lang='grc' dir='ltr'><strong><em>οἷα</em></strong></span> <span class='ocrx_word' id='word_1_180' title='bbox 557 2285 610 2352; x_wconf 77' lang='grc' dir='ltr'><strong><em>καί</em></strong></span> <span class='ocrx_word' id='word_1_181' title='bbox 636 2291 796 2376; x_wconf 91' lang='grc' dir='ltr'><strong><em>πρότερον</em></strong></span> <span class='ocrx_word' id='word_1_182' title='bbox 821 2287 876 2354; x_wconf 77' lang='grc' dir='ltr'><strong><em>καὶ</em></strong></span> <span class='ocrx_word' id='word_1_183' title='bbox 899 2297 964 2352; x_wconf 89' lang='grc' dir='ltr'><strong><em>νῦν</em></strong></span> <span class='ocrx_word' id='word_1_184' title='bbox 988 2291 1157 2374; x_wconf 82' lang='grc' dir='ltr'><strong><em>ἐφρόνησα</em></strong></span> <span class='ocrx_word' id='word_1_185' title='bbox 1181 2289 1257 2375; x_wconf 85' lang='grc' dir='ltr'><strong><em>περὶ</em></strong></span> <span class='ocrx_word' id='word_1_186' title='bbox 1274 2301 1338 2354; x_wconf 88' lang='grc' dir='ltr'><strong><em>σοῦ</em></strong></span> <span class='ocrx_word' id='word_1_187' title='bbox 1357 2289 1411 2353; x_wconf 79' lang='grc' dir='ltr'><strong><em>καὶ</em></strong></span> 
     </span>
     <span class='ocr_line' id='line_1_21' title="bbox 263 2383 1452 2475; baseline -0.003 -23"><span class='ocrx_word' id='word_1_188' title='bbox 263 2397 401 2475; x_wconf 80' lang='grc' dir='ltr'><strong><em>φρονῶν</em></strong></span> <span class='ocrx_word' id='word_1_189' title='bbox 434 2383 480 2452; x_wconf 83' lang='grc' dir='ltr'><strong><em>έτι</em></strong></span> <span class='ocrx_word' id='word_1_190' title='bbox 515 2389 615 2470; x_wconf 90' lang='grc' dir='ltr'><strong><em>μόνος</em></strong></span> <span class='ocrx_word' id='word_1_191' title='bbox 648 2385 826 2471; x_wconf 87' lang='grc' dir='ltr'><strong><em>ἀφικόμην.</em></strong></span> <span class='ocrx_word' id='word_1_192' title='bbox 863 2384 916 2450; x_wconf 82' lang='grc' dir='ltr'><strong><em>καὶ</em></strong></span> <span class='ocrx_word' id='word_1_193' title='bbox 950 2387 1024 2469; x_wconf 83' lang='grc' dir='ltr'><strong><em>περὶ</em></strong></span> <span class='ocrx_word' id='word_1_194' title='bbox 1058 2384 1119 2470; x_wconf 72' lang='grc' dir='ltr'><strong><em>μέν</em></strong></span> <span class='ocrx_word' id='word_1_195' title='bbox 1146 2385 1228 2470; x_wconf 84' lang='grc' dir='ltr'><strong><em>ἐμοῦ</em></strong></span> <span class='ocrx_word' id='word_1_196' title='bbox 1256 2397 1411 2469; x_wconf 91' lang='grc' dir='ltr'><strong><em>τοσαῦτα,</em></strong></span> <span class='ocrx_word' id='word_1_197' title='bbox 1427 2411 1452 2449; x_wconf 73' lang='grc' dir='ltr'><strong><em>ιο</em></strong></span> 
     </span>
     <span class='ocr_line' id='line_1_22' title="bbox 263 2482 1412 2573; baseline 0 -22"><span class='ocrx_word' id='word_1_198' title='bbox 263 2484 337 2573; x_wconf 76' lang='grc' dir='ltr'><strong><em>περὶ</em></strong></span> <span class='ocrx_word' id='word_1_199' title='bbox 366 2482 403 2551; x_wconf 81' lang='grc' dir='ltr'><strong><em>δέ</em></strong></span> <span class='ocrx_word' id='word_1_200' title='bbox 436 2498 502 2557; x_wconf 82' lang='grc' dir='ltr'><strong><em>τῶν</em></strong></span> <span class='ocrx_word' id='word_1_201' title='bbox 535 2490 645 2569; x_wconf 90' lang='grc' dir='ltr'><strong><em>φίλων</em></strong></span> <span class='ocrx_word' id='word_1_202' title='bbox 676 2486 729 2551; x_wconf 78' lang='grc' dir='ltr'><strong><em>καί</em></strong></span> <span class='ocrx_word' id='word_1_203' title='bbox 764 2498 825 2551; x_wconf 92' lang='grc' dir='ltr'><strong><em>τοῦ</em></strong></span> <span class='ocrx_word' id='word_1_204' title='bbox 857 2498 1001 2570; x_wconf 86' lang='grc' dir='ltr'><strong><em>στρατοῦ</em></strong></span> <span class='ocrx_word' id='word_1_205' title='bbox 1031 2490 1168 2569; x_wconf 87' lang='grc' dir='ltr'><strong><em>παντός,</em></strong></span> <span class='ocrx_word' id='word_1_206' title='bbox 1202 2490 1233 2551; x_wconf 85' lang='grc' dir='ltr'><strong><em>εί</em></strong></span> <span class='ocrx_word' id='word_1_207' title='bbox 1262 2484 1324 2571; x_wconf 74' lang='grc' dir='ltr'><strong><em>μὲν</em></strong></span> <span class='ocrx_word' id='word_1_208' title='bbox 1352 2488 1412 2569; x_wconf 85' lang='grc' dir='ltr'><strong><em>οὐχ</em></strong></span> 
     </span>
     <span class='ocr_line' id='line_1_23' title="bbox 264 2582 1412 2669; baseline -0.003 -18"><span class='ocrx_word' id='word_1_209' title='bbox 264 2584 481 2659; x_wconf 88' lang='grc' dir='ltr'><strong><em>ὑποπτεύσεις</em></strong></span> <span class='ocrx_word' id='word_1_210' title='bbox 506 2608 543 2669; x_wconf 91' lang='grc' dir='ltr'><strong><em>με</em></strong></span> <span class='ocrx_word' id='word_1_211' title='bbox 570 2582 717 2669; x_wconf 91' lang='grc' dir='ltr'><strong><em>λέγοντα,</em></strong></span> <span class='ocrx_word' id='word_1_212' title='bbox 743 2586 958 2669; x_wconf 79' lang='grc' dir='ltr'><strong><em>συμβουλεύω</em></strong></span> <span class='ocrx_word' id='word_1_213' title='bbox 983 2588 1023 2649; x_wconf 82' lang='grc' dir='ltr'><strong><em>τά</em></strong></span> <span class='ocrx_word' id='word_1_214' title='bbox 1047 2583 1099 2651; x_wconf 82' lang='grc' dir='ltr'><strong><em>σοὶ</em></strong></span> <span class='ocrx_word' id='word_1_215' title='bbox 1126 2586 1264 2665; x_wconf 87' lang='grc' dir='ltr'><strong><em>μάλιστα</em></strong></span> <span class='ocrx_word' id='word_1_216' title='bbox 1293 2588 1412 2669; x_wconf 82' lang='grc' dir='ltr'><strong><em>ὠφελι-</em></strong></span> 
     </span>
     <span class='ocr_line' id='line_1_24' title="bbox 263 2680 1413 2769; baseline 0 -22"><span class='ocrx_word' id='word_1_217' title='bbox 263 2684 408 2767; x_wconf 83' lang='grc' dir='ltr'><strong><em>μώτατα,</em></strong></span> <span class='ocrx_word' id='word_1_218' title='bbox 437 2684 538 2765; x_wconf 78' lang='grc' dir='ltr'><strong><em>μηδὲν</em></strong></span> <span class='ocrx_word' id='word_1_219' title='bbox 570 2684 681 2747; x_wconf 85' lang='grc' dir='ltr'><strong><em>δεινὸν</em></strong></span> <span class='ocrx_word' id='word_1_220' title='bbox 710 2684 832 2761; x_wconf 82' lang='grc' dir='ltr'><strong><em>αὐτοὺς</em></strong></span> <span class='ocrx_word' id='word_1_221' title='bbox 860 2682 1066 2765; x_wconf 83' lang='grc' dir='ltr'><strong><em>ἐργάσασθαι</em></strong></span> <span class='ocrx_word' id='word_1_222' title='bbox 1088 2685 1146 2749; x_wconf 90' lang='grc' dir='ltr'><strong><em>διά</em></strong></span> <span class='ocrx_word' id='word_1_223' title='bbox 1169 2685 1230 2767; x_wconf 80' lang='grc' dir='ltr'><strong><em>την</em></strong></span> <span class='ocrx_word' id='word_1_224' title='bbox 1255 2684 1335 2769; x_wconf 79' lang='grc' dir='ltr'><strong><em>ἐμὴν</em></strong></span> <span class='ocrx_word' id='word_1_225' title='bbox 1359 2680 1413 2747; x_wconf 79' lang='grc' dir='ltr'><strong><em>καὶ</em></strong></span> 
     </span>
     <span class='ocr_line' id='line_1_25' title="bbox 265 2778 1411 2867; baseline -0.002 -20"><span class='ocrx_word' id='word_1_226' title='bbox 265 2782 348 2865; x_wconf 72' lang='grc' dir='ltr'><strong><em>[τὴν]</em></strong></span> <span class='ocrx_word' id='word_1_227' title='bbox 386 2782 447 2863; x_wconf 82' lang='grc' dir='ltr'><strong><em>σην</em></strong></span> <span class='ocrx_word' id='word_1_228' title='bbox 470 2786 690 2865; x_wconf 88' lang='grc' dir='ltr'><strong><em>φιλονεικίαν,</em></strong></span> <span class='ocrx_word' id='word_1_229' title='bbox 712 2778 794 2865; x_wconf 83' lang='grc' dir='ltr'><strong><em>μηδέ</em></strong></span> <span class='ocrx_word' id='word_1_230' title='bbox 820 2786 1003 2864; x_wconf 87' lang='grc' dir='ltr'><strong><em>άνθρωπον</em></strong></span> <span class='ocrx_word' id='word_1_231' title='bbox 1028 2784 1108 2845; x_wconf 75' lang='grc' dir='ltr'><strong><em>ὄντα</em></strong></span> <span class='ocrx_word' id='word_1_232' title='bbox 1136 2783 1192 2845; x_wconf 82' lang='grc' dir='ltr'><strong><em>καὶ</em></strong></span> <span class='ocrx_word' id='word_1_233' title='bbox 1218 2784 1300 2867; x_wconf 86' lang='grc' dir='ltr'><strong><em>τύχη</em></strong></span> <span class='ocrx_word' id='word_1_234' title='bbox 1327 2784 1411 2867; x_wconf 84' lang='grc' dir='ltr'><strong><em>χρώ-</em></strong></span> 
     </span>
     <span class='ocr_line' id='line_1_26' title="bbox 263 2880 1451 2965; baseline -0.002 -22"><span class='ocrx_word' id='word_1_235' title='bbox 263 2902 379 2965; x_wconf 89' lang='grc' dir='ltr'><strong><em>μενον,</em></strong></span> <span class='ocrx_word' id='word_1_236' title='bbox 412 2880 453 2943; x_wconf 86' lang='grc' dir='ltr'><strong><em>οῦ</em></strong></span> <span class='ocrx_word' id='word_1_237' title='bbox 485 2882 606 2965; x_wconf 87' lang='grc' dir='ltr'><strong><em>βεβαίφ</em></strong></span> <span class='ocrx_word' id='word_1_238' title='bbox 641 2882 822 2963; x_wconf 80' lang='grc' dir='ltr'><strong><em>πράγματα,</em></strong></span> <span class='ocrx_word' id='word_1_239' title='bbox 852 2884 1000 2945; x_wconf 87' lang='grc' dir='ltr'><strong><em>κωλῦσαι</em></strong></span> <span class='ocrx_word' id='word_1_240' title='bbox 1028 2884 1106 2955; x_wconf 89' lang='grc' dir='ltr'><strong><em>τοὺς</em></strong></span> <span class='ocrx_word' id='word_1_241' title='bbox 1135 2882 1347 2947; x_wconf 86' lang='grc' dir='ltr'><strong><em>κινδυνεύειν</em></strong></span> <span class='ocrx_word' id='word_1_242' title='bbox 1376 2880 1411 2945; x_wconf 86' lang='grc' dir='ltr'><strong><em>ἐν</em></strong></span> <span class='ocrx_word' id='word_1_243' title='bbox 1427 2902 1451 2941; x_wconf 70' lang='grc' dir='ltr'><strong><em>τε</em></strong></span> 
     </span>
     <span class='ocr_line' id='line_1_27' title="bbox 263 2976 1412 3063; baseline -0.001 -20"><span class='ocrx_word' id='word_1_244' title='bbox 263 2980 376 3061; x_wconf 87' lang='grc' dir='ltr'><strong><em>τύχαις</em></strong></span> <span class='ocrx_word' id='word_1_245' title='bbox 404 2976 423 3059; x_wconf 74' lang='grc' dir='ltr'>ἢ</span> <span class='ocrx_word' id='word_1_246' title='bbox 454 2984 577 3063; x_wconf 88' lang='grc' dir='ltr'><strong><em>χρείαις</em></strong></span> <span class='ocrx_word' id='word_1_247' title='bbox 609 2978 831 3061; x_wconf 81' lang='grc' dir='ltr'><strong><em>ἐθελήσοντάς</em></strong></span> <span class='ocrx_word' id='word_1_248' title='bbox 857 3004 937 3043; x_wconf 88' lang='grc' dir='ltr'><strong><em>ποτε</em></strong></span> <span class='ocrx_word' id='word_1_249' title='bbox 962 2976 1045 3057; x_wconf 81' lang='grc' dir='ltr'><strong><em>ὑτέρ</em></strong></span> <span class='ocrx_word' id='word_1_250' title='bbox 1075 2988 1151 3060; x_wconf 91' lang='grc' dir='ltr'><strong><em>σοῦ,</em></strong></span> <span class='ocrx_word' id='word_1_251' title='bbox 1181 2982 1349 3061; x_wconf 85' lang='grc' dir='ltr'><strong><em>μαθόντας</em></strong></span> <span class='ocrx_word' id='word_1_252' title='bbox 1378 2980 1412 3043; x_wconf 85' lang='grc' dir='ltr'><strong><em>ἐκ</em></strong></span> 
     </span>
     <span class='ocr_line' id='line_1_28' title="bbox 263 3076 1411 3162; baseline -0.003 -19"><span class='ocrx_word' id='word_1_253' title='bbox 263 3082 359 3143; x_wconf 89' lang='grc' dir='ltr'><strong><em>τοῦδε</em></strong></span> <span class='ocrx_word' id='word_1_254' title='bbox 386 3084 445 3139; x_wconf 89' lang='grc' dir='ltr'><strong><em>τοῦ</em></strong></span> <span class='ocrx_word' id='word_1_255' title='bbox 470 3088 529 3141; x_wconf 89' lang='grc' dir='ltr'><strong><em>σοῦ</em></strong></span> <span class='ocrx_word' id='word_1_256' title='bbox 555 3080 659 3159; x_wconf 90' lang='grc' dir='ltr'><strong><em>νόμον</em></strong></span> <span class='ocrx_word' id='word_1_257' title='bbox 686 3076 906 3143; x_wconf 89' lang='grc' dir='ltr'><strong><em>δυσέλπιστον</em></strong></span> <span class='ocrx_word' id='word_1_258' title='bbox 930 3076 1091 3157; x_wconf 75' lang='grc' dir='ltr'><strong><em>σώζεσθαι</em></strong></span> <span class='ocrx_word' id='word_1_259' title='bbox 1112 3079 1154 3161; x_wconf 80' lang='grc' dir='ltr'><strong><em>μὴ</em></strong></span> <span class='ocrx_word' id='word_1_260' title='bbox 1176 3086 1411 3162; x_wconf 84' lang='grc' dir='ltr'><strong><em>κατορθοῦσιν.</em></strong></span> 
     </span>
     <span class='ocr_line' id='line_1_29' title="bbox 264 3172 1411 3260; baseline -0.002 -19"><span class='ocrx_word' id='word_1_261' title='bbox 264 3178 292 3241; x_wconf 86' lang='grc' dir='ltr'><strong><em>εί</em></strong></span> <span class='ocrx_word' id='word_1_262' title='bbox 317 3172 350 3241; x_wconf 77' lang='grc' dir='ltr'><strong><em>δέ</em></strong></span> <span class='ocrx_word' id='word_1_263' title='bbox 376 3174 521 3251; x_wconf 76' lang='grc' dir='ltr'><strong><em>ὕποπτος</em></strong></span> <span class='ocrx_word' id='word_1_264' title='bbox 543 3174 564 3257; x_wconf 74' lang='grc' dir='ltr'><em>ἢ</em></span> <span class='ocrx_word' id='word_1_265' title='bbox 589 3176 723 3251; x_wconf 83' lang='grc' dir='ltr'><strong><em>ἀπιστως</em></strong></span> <span class='ocrx_word' id='word_1_266' title='bbox 755 3176 881 3260; x_wconf 82' lang='grc' dir='ltr'><strong><em>ἐχθροῦ</em></strong></span> <span class='ocrx_word' id='word_1_267' title='bbox 907 3186 997 3241; x_wconf 79' lang='grc' dir='ltr'><strong><em>πᾶσα</em></strong></span> <span class='ocrx_word' id='word_1_268' title='bbox 1023 3178 1210 3259; x_wconf 77' lang='grc' dir='ltr'><strong><em>συμβουλή,</em></strong></span> <span class='ocrx_word' id='word_1_269' title='bbox 1241 3178 1301 3240; x_wconf 87' lang='grc' dir='ltr'><strong><em>οὐκ</em></strong></span> <span class='ocrx_word' id='word_1_270' title='bbox 1324 3176 1411 3241; x_wconf 79' lang='grc' dir='ltr'><strong><em>ὀκνῶ</em></strong></span> 
     </span>
     <span class='ocr_line' id='line_1_30' title="bbox 264 3272 1412 3359; baseline 0 -22"><span class='ocrx_word' id='word_1_271' title='bbox 264 3272 318 3337; x_wconf 82' lang='grc' dir='ltr'><strong><em>καὶ</em></strong></span> <span class='ocrx_word' id='word_1_272' title='bbox 341 3276 543 3355; x_wconf 87' lang='grc' dir='ltr'><strong><em>παρακαλεῖν</em></strong></span> <span class='ocrx_word' id='word_1_273' title='bbox 570 3292 604 3337; x_wconf 92' lang='grc' dir='ltr'><strong><em>σε</em></strong></span> <span class='ocrx_word' id='word_1_274' title='bbox 629 3274 670 3355; x_wconf 80' lang='grc' dir='ltr'><strong><em>μη</em></strong></span> <span class='ocrx_word' id='word_1_275' title='bbox 697 3278 774 3351; x_wconf 87' lang='grc' dir='ltr'><strong><em>τοὺς</em></strong></span> <span class='ocrx_word' id='word_1_276' title='bbox 798 3280 920 3357; x_wconf 89' lang='grc' dir='ltr'><strong><em>φίλους</em></strong></span> <span class='ocrx_word' id='word_1_277' title='bbox 944 3280 1102 3341; x_wconf 87' lang='grc' dir='ltr'><strong><em>τίνυσθαι</em></strong></span> <span class='ocrx_word' id='word_1_278' title='bbox 1127 3284 1185 3356; x_wconf 71' lang='grc' dir='ltr'><strong><em>τῆς</em></strong></span> <span class='ocrx_word' id='word_1_279' title='bbox 1208 3274 1285 3359; x_wconf 76' lang='grc' dir='ltr'><strong><em>ἐμίχς</em></strong></span> <span class='ocrx_word' id='word_1_280' title='bbox 1310 3274 1412 3358; x_wconf 86' lang='grc' dir='ltr'><strong><em>ἀμαρ-</em></strong></span> 
     </span>
     <span class='ocr_line' id='line_1_31' title="bbox 263 3370 1452 3457; baseline -0.002 -22"><span class='ocrx_word' id='word_1_281' title='bbox 263 3376 334 3449; x_wconf 88' lang='grc' dir='ltr'><strong><em>τίας</em></strong></span> <span class='ocrx_word' id='word_1_282' title='bbox 360 3370 414 3433; x_wconf 79' lang='grc' dir='ltr'><strong><em>καὶ</em></strong></span> <span class='ocrx_word' id='word_1_283' title='bbox 446 3372 543 3455; x_wconf 88' lang='grc' dir='ltr'><strong><em>τύχης</em></strong></span> <span class='ocrx_word' id='word_1_284' title='bbox 574 3370 639 3435; x_wconf 85' lang='grc' dir='ltr'><strong><em>ἀλλ’</em></strong></span> <span class='ocrx_word' id='word_1_285' title='bbox 667 3370 700 3447; x_wconf 88' lang='grc' dir='ltr'><strong><em>ἐς</em></strong></span> <span class='ocrx_word' id='word_1_286' title='bbox 727 3370 781 3457; x_wconf 81' lang='grc' dir='ltr'><strong><em>ἐμέ</em></strong></span> <span class='ocrx_word' id='word_1_287' title='bbox 816 3386 1018 3457; x_wconf 86' lang='grc' dir='ltr'><strong><em>συναγαγεῖν</em></strong></span> <span class='ocrx_word' id='word_1_288' title='bbox 1044 3376 1162 3452; x_wconf 87' lang='grc' dir='ltr'><strong><em>πάντα,</em></strong></span> <span class='ocrx_word' id='word_1_289' title='bbox 1191 3376 1252 3439; x_wconf 83' lang='grc' dir='ltr'><strong><em>τὸν</em></strong></span> <span class='ocrx_word' id='word_1_290' title='bbox 1277 3376 1411 3437; x_wconf 87' lang='grc' dir='ltr'><strong><em>πάντων</em></strong></span> <span class='ocrx_word' id='word_1_291' title='bbox 1426 3396 1452 3435; x_wconf 83' lang='grc' dir='ltr'><strong><em>εο</em></strong></span> 
     </span>
     <span class='ocr_line' id='line_1_32' title="bbox 264 3466 1412 3557; baseline -0.002 -22"><span class='ocrx_word' id='word_1_292' title='bbox 264 3478 384 3535; x_wconf 85' lang='grc' dir='ltr'><strong><em>αἰτιον·</em></strong></span> <span class='ocrx_word' id='word_1_293' title='bbox 408 3466 461 3553; x_wconf 85' lang='grc' dir='ltr'><strong><em>ἀφ’</em></strong></span> <span class='ocrx_word' id='word_1_294' title='bbox 489 3466 527 3553; x_wconf 76' lang='grc' dir='ltr'><strong><em>ἧς</em></strong></span> <span class='ocrx_word' id='word_1_295' title='bbox 552 3472 591 3553; x_wconf 82' lang='grc' dir='ltr'><strong><em>δη</em></strong></span> <span class='ocrx_word' id='word_1_296' title='bbox 613 3470 746 3553; x_wconf 81' lang='grc' dir='ltr'><strong><em>γνώμης</em></strong></span> <span class='ocrx_word' id='word_1_297' title='bbox 765 3472 887 3548; x_wconf 83' lang='grc' dir='ltr'><strong><em>αὐτοὺς</em></strong></span> <span class='ocrx_word' id='word_1_298' title='bbox 904 3472 1124 3556; x_wconf 84' lang='grc' dir='ltr'><strong><em>ὑπελιπόμην,</em></strong></span> <span class='ocrx_word' id='word_1_299' title='bbox 1144 3474 1261 3557; x_wconf 80' lang='grc' dir='ltr'><strong><em>ἵναμὴ</em></strong></span> <span class='ocrx_word' id='word_1_300' title='bbox 1281 3471 1412 3553; x_wconf 81' lang='grc' dir='ltr'><strong><em>δόξαιμι</em></strong></span> 
     </span>
    </p>
   </div>
   <div class='ocr_carea' id='block_1_3' title="bbox 265 3634 504 3641">
    <p class='ocr_par' dir='ltr' id='par_1_3' title="bbox 265 3634 504 3641">
     <span class='ocr_line' id='line_1_33' title="bbox 265 3634 504 3641; baseline -0.008 0"><span class='ocrx_word' id='word_1_301' title='bbox 265 3636 399 3641; x_wconf 43' lang='lat' dir='ltr'>..md—..m</span> <span class='ocrx_word' id='word_1_302' title='bbox 408 3634 504 3641; x_wconf 53' lang='grc' dir='ltr'>Ἥ..-</span> 
     </span>
    </p>
   </div>
   <div class='ocr_carea' id='block_1_4' title="bbox 263 3730 1412 4431">
    <p class='ocr_par' dir='ltr' id='par_1_4' title="bbox 263 3730 1412 4431">
     <span class='ocr_line' id='line_1_34' title="bbox 353 3730 1412 3815; baseline 0.005 -22"><span class='ocrx_word' id='word_1_303' title='bbox 353 3738 381 3793; x_wconf 78' lang='lat'><strong><em>2.</em></strong></span> <span class='ocrx_word' id='word_1_304' title='bbox 407 3730 540 3811; x_wconf 85' lang='grc' dir='ltr'><strong><em>&lt;ταῦτα&gt;</em></strong></span> <span class='ocrx_word' id='word_1_305' title='bbox 563 3732 703 3811; x_wconf 86' lang='grc' dir='ltr'><strong><em>γενέσθαι</em></strong></span> <span class='ocrx_word' id='word_1_306' title='bbox 725 3738 798 3793; x_wconf 84' lang='grc' dir='ltr'><strong><em>σοκί.</em></strong></span> <span class='ocrx_word' id='word_1_307' title='bbox 819 3738 1024 3797; x_wconf 80' lang='grc' dir='ltr'><strong><em>Μεκάείεεολκ</em></strong></span> <span class='ocrx_word' id='word_1_308' title='bbox 1092 3738 1123 3795; x_wconf 83' lang='grc'><strong><em>3.</em></strong></span> <span class='ocrx_word' id='word_1_309' title='bbox 1145 3736 1249 3815; x_wconf 76' lang='grc' dir='ltr'><strong><em>ῥώμην</em></strong></span> <span class='ocrx_word' id='word_1_310' title='bbox 1271 3740 1412 3812; x_wconf 74' lang='grc' dir='ltr'><strong><em>Μκερνο-</em></strong></span> 
     </span>
     <span class='ocr_line' id='line_1_35' title="bbox 263 3820 1412 3905; baseline 0.002 -22"><span class='ocrx_word' id='word_1_311' title='bbox 263 3826 331 3883; x_wconf 80' lang='grc' dir='ltr'><strong><em>αιάε</em></strong></span> <span class='ocrx_word' id='word_1_312' title='bbox 419 3826 449 3879; x_wconf 86' lang='grc'><strong><em>4.</em></strong></span> <span class='ocrx_word' id='word_1_313' title='bbox 472 3820 529 3883; x_wconf 82' lang='grc' dir='ltr'><strong><em>κάν</em></strong></span> <span class='ocrx_word' id='word_1_314' title='bbox 553 3820 597 3883; x_wconf 89' lang='grc' dir='ltr'><strong><em>ἀν.</em></strong></span> <span class='ocrx_word' id='word_1_315' title='bbox 623 3824 668 3883; x_wconf 84' lang='grc' dir='ltr'><strong><em>καί</em></strong></span> <span class='ocrx_word' id='word_1_316' title='bbox 692 3822 741 3883; x_wconf 79' lang='grc' dir='ltr'><strong><em>καί</em></strong></span> <span class='ocrx_word' id='word_1_317' title='bbox 767 3822 945 3904; x_wconf 86' lang='grc' dir='ltr'><strong><em>ἀναγκάσειν</em></strong></span> <span class='ocrx_word' id='word_1_318' title='bbox 966 3828 1125 3887; x_wconf 79' lang='grc' dir='ltr'><strong><em>λίεκάείεε.</em></strong></span> <span class='ocrx_word' id='word_1_319' title='bbox 1204 3832 1232 3885; x_wconf 82' lang='grc'><strong><em>7.</em></strong></span> <span class='ocrx_word' id='word_1_320' title='bbox 1253 3823 1355 3905; x_wconf 83' lang='grc' dir='ltr'><strong><em>&lt;τῶν&gt;</em></strong></span> <span class='ocrx_word' id='word_1_321' title='bbox 1377 3826 1412 3885; x_wconf 81' lang='grc' dir='ltr'><strong><em>τά</em></strong></span> 
     </span>
     <span class='ocr_line' id='line_1_36' title="bbox 263 3910 1412 3995; baseline 0.003 -24"><span class='ocrx_word' id='word_1_322' title='bbox 263 3914 368 3973; x_wconf 69' lang='lat' dir='ltr'><em>Nauck</em></span> <span class='ocrx_word' id='word_1_323' title='bbox 440 3916 487 3971; x_wconf 87' lang='lat'><strong><em>11.</em></strong></span> <span class='ocrx_word' id='word_1_324' title='bbox 515 3910 643 3991; x_wconf 89' lang='grc' dir='ltr'><strong><em>διέβαλες</em></strong></span> <span class='ocrx_word' id='word_1_325' title='bbox 664 3916 726 3973; x_wconf 72' lang='lat' dir='ltr'><strong><em>Vat.</em></strong></span> <span class='ocrx_word' id='word_1_326' title='bbox 800 3916 848 3975; x_wconf 84' lang='lat'><strong><em>13.</em></strong></span> <span class='ocrx_word' id='word_1_327' title='bbox 873 3916 1125 3995; x_wconf 79' lang='grc' dir='ltr'><strong><em>κεαρατήκασινς</em></strong></span> <span class='ocrx_word' id='word_1_328' title='bbox 1198 3920 1249 3975; x_wconf 86' lang='grc'><strong><em>14.</em></strong></span> <span class='ocrx_word' id='word_1_329' title='bbox 1271 3914 1412 3995; x_wconf 84' lang='grc' dir='ltr'><strong><em>με&lt;δεῐν&gt;</em></strong></span> 
     </span>
     <span class='ocr_line' id='line_1_37' title="bbox 263 4004 1412 4081; baseline 0.004 -20"><span class='ocrx_word' id='word_1_330' title='bbox 263 4004 427 4075; x_wconf 68' lang='lat' dir='ltr'><strong><em>Stephanus</em></strong></span> <span class='ocrx_word' id='word_1_331' title='bbox 500 4004 547 4061; x_wconf 85' lang='lat'><strong><em>15.</em></strong></span> <span class='ocrx_word' id='word_1_332' title='bbox 575 4012 691 4081; x_wconf 77' lang='grc' dir='ltr'><strong><em>νικῆσαι</em></strong></span> <span class='ocrx_word' id='word_1_333' title='bbox 715 4020 733 4071; x_wconf 83' lang='grc' dir='ltr'><strong><em>ς</em></strong></span> <span class='ocrx_word' id='word_1_334' title='bbox 758 4006 874 4063; x_wconf 79' lang='grc' dir='ltr'><strong><em>λασααλε</em></strong></span> <span class='ocrx_word' id='word_1_335' title='bbox 895 4006 964 4065; x_wconf 72' lang='lat' dir='ltr'><strong><em>haec</em></strong></span> <span class='ocrx_word' id='word_1_336' title='bbox 987 4012 1126 4081; x_wconf 74' lang='lat' dir='ltr'><strong><em>corrupta</em></strong></span> <span class='ocrx_word' id='word_1_337' title='bbox 1147 4024 1207 4063; x_wconf 81' lang='lat' dir='ltr'><em>esse</em></span> <span class='ocrx_word' id='word_1_338' title='bbox 1225 4008 1330 4065; x_wconf 80' lang='grc' dir='ltr'><strong><em>Ναυυίι</em></strong></span> <span class='ocrx_word' id='word_1_339' title='bbox 1353 4012 1381 4065; x_wconf 81' lang='grc' dir='ltr'><strong><em>εί</em></strong></span> <span class='ocrx_word' id='word_1_340' title='bbox 1399 4038 1412 4047; x_wconf 89' lang='grc'><em>·</em></span> 
     </span>
     <span class='ocr_line' id='line_1_38' title="bbox 264 4088 1412 4176; baseline 0.002 -25"><span class='ocrx_word' id='word_1_341' title='bbox 264 4096 320 4151; x_wconf 60' lang='lat' dir='ltr'><strong><em>tuit</em></strong></span> <span class='ocrx_word' id='word_1_342' title='bbox 410 4092 460 4149; x_wconf 85' lang='grc'><strong><em>16.</em></strong></span> <span class='ocrx_word' id='word_1_343' title='bbox 486 4088 539 4167; x_wconf 82' lang='grc' dir='ltr'><strong><em>μέν</em></strong></span> <span class='ocrx_word' id='word_1_344' title='bbox 569 4090 603 4151; x_wconf 81' lang='grc' dir='ltr'><strong><em>οὐ</em></strong></span> <span class='ocrx_word' id='word_1_345' title='bbox 635 4090 804 4171; x_wconf 85' lang='grc' dir='ltr'><strong><em>δυνηθέντα</em></strong></span> <span class='ocrx_word' id='word_1_346' title='bbox 828 4110 922 4161; x_wconf 76' lang='grc' dir='ltr'><strong><em>νικας</em></strong></span> <span class='ocrx_word' id='word_1_347' title='bbox 1013 4100 1064 4155; x_wconf 85' lang='grc'><strong><em>19.</em></strong></span> <span class='ocrx_word' id='word_1_348' title='bbox 1091 4094 1233 4174; x_wconf 86' lang='grc' dir='ltr'><strong><em>πρότερον</em></strong></span> <span class='ocrx_word' id='word_1_349' title='bbox 1260 4094 1412 4176; x_wconf 86' lang='grc' dir='ltr'><strong><em>ἐφρόνησα</em></strong></span> 
     </span>
     <span class='ocr_line' id='line_1_39' title="bbox 264 4178 1411 4263; baseline 0.003 -24"><span class='ocrx_word' id='word_1_350' title='bbox 264 4180 330 4259; x_wconf 84' lang='grc' dir='ltr'><strong><em>περὶ</em></strong></span> <span class='ocrx_word' id='word_1_351' title='bbox 356 4188 410 4239; x_wconf 92' lang='grc' dir='ltr'><strong><em>σοῦ</em></strong></span> <span class='ocrx_word' id='word_1_352' title='bbox 440 4178 488 4239; x_wconf 80' lang='grc' dir='ltr'><strong><em>καί</em></strong></span> <span class='ocrx_word' id='word_1_353' title='bbox 518 4188 575 4239; x_wconf 87' lang='grc' dir='ltr'><strong><em>νῦν</em></strong></span> <span class='ocrx_word' id='word_1_354' title='bbox 602 4192 723 4259; x_wconf 84' lang='grc' dir='ltr'><strong><em>φρονῶν</em></strong></span> <span class='ocrx_word' id='word_1_355' title='bbox 754 4182 792 4243; x_wconf 85' lang='grc' dir='ltr'><strong><em>ἐτι</em></strong></span> <span class='ocrx_word' id='word_1_356' title='bbox 821 4186 928 4243; x_wconf 73' lang='lat' dir='ltr'><em>Nauck</em></span> <span class='ocrx_word' id='word_1_357' title='bbox 1019 4188 1070 4243; x_wconf 77' lang='lat'><strong><em>22.</em></strong></span> <span class='ocrx_word' id='word_1_358' title='bbox 1094 4186 1307 4263; x_wconf 88' lang='grc' dir='ltr'><strong><em>συμβουλεύσω</em></strong></span> <span class='ocrx_word' id='word_1_359' title='bbox 1329 4186 1411 4243; x_wconf 75' lang='lat' dir='ltr'><em>codd.</em></span> 
     </span>
     <span class='ocr_line' id='line_1_40' title="bbox 263 4268 1411 4351; baseline 0.004 -22"><span class='ocrx_word' id='word_1_360' title='bbox 263 4272 394 4329; x_wconf 70' lang='lat' dir='ltr'><strong><em>meliores</em></strong></span> <span class='ocrx_word' id='word_1_361' title='bbox 481 4272 531 4327; x_wconf 78' lang='lat'><strong><em>24.</em></strong></span> <span class='ocrx_word' id='word_1_362' title='bbox 556 4268 609 4347; x_wconf 79' lang='grc' dir='ltr'><strong><em>τὴν</em></strong></span> <span class='ocrx_word' id='word_1_363' title='bbox 635 4288 725 4341; x_wconf 79' lang='grc' dir='ltr'><strong><em>συας</em></strong></span> <span class='ocrx_word' id='word_1_364' title='bbox 815 4276 864 4333; x_wconf 72' lang='lat'><strong><em>26.</em></strong></span> <span class='ocrx_word' id='word_1_365' title='bbox 888 4270 1084 4351; x_wconf 73' lang='grc' dir='ltr'><strong><em>ἐθελήσοντάς</em></strong></span> <span class='ocrx_word' id='word_1_366' title='bbox 1107 4295 1216 4341; x_wconf 85' lang='grc' dir='ltr'><strong><em>ποτες</em></strong></span> <span class='ocrx_word' id='word_1_367' title='bbox 1306 4278 1355 4333; x_wconf 78' lang='lat'><strong><em>27.</em></strong></span> <span class='ocrx_word' id='word_1_368' title='bbox 1380 4273 1411 4333; x_wconf 90' lang='grc' dir='ltr'><strong><em>τὸ</em></strong></span> 
     </span>
     <span class='ocr_line' id='line_1_41' title="bbox 266 4360 684 4431; baseline 0.005 -14"><span class='ocrx_word' id='word_1_369' title='bbox 266 4360 410 4431; x_wconf 81' lang='grc' dir='ltr'><strong><em>σώζεσθαι</em></strong></span> <span class='ocrx_word' id='word_1_370' title='bbox 435 4364 507 4419; x_wconf 79' lang='grc' dir='ltr'><strong><em>σοιτί.</em></strong></span> <span class='ocrx_word' id='word_1_371' title='bbox 527 4362 684 4419; x_wconf 77' lang='grc' dir='ltr'><strong><em>Μεαάείεο.</em></strong></span> 
     </span>
    </p>
   </div>
   <div class='ocr_carea' id='block_1_5' title="bbox 0 0 1623 4950">
    <p class='ocr_par' dir='ltr' id='par_1_5' title="bbox 0 0 1623 4950">
     <span class='ocr_line' id='line_1_42' title="bbox 0 0 1623 4950; baseline 0 0"><span class='ocrx_word' id='word_1_372' title='bbox 0 0 1623 4950; x_wconf 95' lang='lat' dir='ltr'><strong><em> </em></strong></span> 
     </span>
    </p>
   </div>
  </div>
 </body>
</html>
