3234 4950
227 350 295 395 cen
471 348 518 399 DE
537 348 769 403 snnlrronvn
788 348 882 401 VlTlS
903 348 946 401 ET
969 348 1125 401 sentinus

226 516 340 593 recepit
357 516 470 575 sull
479 516 496 573 1
519 534 543 575 c.
558 516 646 574 1121
665 518 779 591 Risum:
792 510 975 595 ’Ordctpog⁷
994 510 1183 597 Kdrcpcogil
1206 510 1372 595 Σπαρτιιὶη

225 635 292 692 της,
306 610 472 694 ἱστορικὸς
489 608 544 673 καὶ
563 614 732 695 occeperis,
746 620 813 675 τῶν
834 608 886 675 ἐπὶ
902 612 1159 675 Koouocevct'ron
1173 608 1371 693 γενομένων.

225 712 348 790 ἔγραψε
374 708 524 771 στάσεων
550 708 741 793 διαιρέσεις,
771 706 889 791 τέχνην
916 708 1090 789 δικανικὴν
1116 708 1201 791 πρὸς
1222 706 1371 791 ’Amicum

224 806 298 888 περὶ
326 804 556 891 ἀντιρρηιικῆς
584 804 710 891 τέχνης,
735 806 1029 891 προγυμνάσμιιια,
1056 804 1201 889 μελέτας,
1228 804 1372 889 ἐγκώμια

224 902 279 969 ecl
302 904 386 969 ἄλλοι
411 909 556 985 πλεῖστα,
580 908 631 969 uhi
656 928 724 969 eum
746 928 831 969 moro
855 928 907 969 suo
927 908 1061 969 diuersos
1083 910 1242 987 scriptores
1263 912 1370 971 misou-

225 1008 285 1065 isse
307 1008 366 1065 iam
391 1006 426 1065 ab
451 1004 516 1065 aliis
540 1008 781 1067 animaduersum
803 1014 850 1067 est
868 1008 1025 1081 (Breoslru
1047 1026 1096 1083 up.
1111 1008 1322 1083 Pomp-Wiss.
1339 1008 1376 1067 H

225 1124 249 1165 c⁴
264 1104 354 1179 278).
386 1124 455 1165 narn
475 1106 526 1181 qui
544 1105 715 1167 referuntur
732 1106 810 1167 tituli
836 1106 979 1167 librorum
1003 1106 1227 1185 rhetoricorum,
1252 1106 1373 1167 fuerunt

225 1202 357 1265 Onasimi
383 1204 534 1281 sophistae
559 1202 763 1281 Atheniensis,
789 1206 884 1283 patris
914 1204 1044 1283 lipsinis7
1080 1206 1150 1263 itern
1182 1204 1370 1265 Atheniensis

225 1302 379 1380 sophistae,
406 1302 460 1361 [ilii
482 1302 601 1379 Apsinis
624 1302 811 1364 Gadarensis.
851 1302 1009 1365 Onesimus
1037 1304 1128 1379 igitur
1153 1302 1260 1363 Suidae
1285 1302 1369 1365 ἱστο-

225 1398 315 1478 ρικός
339 1402 431 1479 poetria
456 1398 597 1459 utebatur
618 1398 655 1459 ah
677 1401 853 1461 Atheniensi
878 1402 1003 1479 diuersa,
1029 1408 1108 1461 aetas
1134 1410 1231 1461 autem
1257 1410 1284 1461 et
1302 1422 1371 1461 cunr

224 1496 280 1557 hoc
303 1506 334 1557 et
356 1518 424 1557 cum
446 1497 497 1557 illo
522 1500 669 1578 conuenit,
692 1502 832 1579 qnoniam
856 1504 914 1561 nisi
937 1502 1056 1561 omnino
1083 1520 1148 1559 curn
1170 1500 1272 1561 codice
1289 1500 1370 1561 Pari-

224 1596 289 1653 sino
307 1594 331 1653 B
351 1598 529 1675 scripturam
552 1604 619 1657 τῶν
643 1592 696 1659 e’ici
716 1596 937 1683 Kcorocuorc'p
958 1600 1162 1679 possederimus,
1182 1606 1264 1659 certe
1282 1598 1371 1659 Prohi

223 1696 324 1773 uitam,
350 1712 435 1773 quarn
461 1701 529 1755 ante
551 1713 578 1755 a.
598 1692 662 1755 311
680 1696 826 1775 Vopiscus
850 1698 995 1777 cognouit,
1017 1696 1173 1759 Onesimus
1197 1696 1370 1759 adulescens

224 1811 402 1871 componere
424 1794 529 1873 potuit,
551 1792 676 1855 tortasse
700 1798 781 1855 inter
801 1794 859 1857 alia
882 1794 1033 1877 ipseipse,
1062 1814 1138 1875 quae
1162 1794 1268 1857 Suidas
1291 1816 1369 1857 oom-

224 1894 411 1953 memorauit.

505 2142 758 2217 TVRDVLVS
788 2146 1089 2219 cadurcinis

310 2304 392 2365 lnler
416 2306 512 2367 fontes
537 2324 606 2366 suos
623 2306 769 2385 Vopiscus
792 2310 823 2367 in
843 2308 937 2369 Proho
959 2328 982 2371 c.
998 2310 1061 2385 2‚1
1079 2328 1119 2385 sq.
1141 2316 1259 2389 praeter
1278 2308 1368 2369 libros

224 2422 258 2463 ex
290 2402 468 2465 bibliotheca
494 2403 576 2484 leia
608 2412 637 2465 et
669 2424 706 2465 ex
738 2406 824 2465 domo
855 2406 1026 2486 Tiberiana,
1057 2414 1174 2486 regesta
1204 2406 1367 2469 scribarum

222 2505 356 2581 porticus
381 2503 623 2584 porphyreticae,
659 2515 723 2567 acto
754 2515 873 2566 senatus
908 2527 939 2566 ac
957 2505 1069 2584 ¹populi
1098 2513 1252 2566 enumerat.
1281 2509 1368 2566 etiam

221 2601 310 2662 huius
329 2601 564 2681 ephemeridem:
590 2615 617 2664 et
635 2609 780 2680 quoniam
797 2623 845 2666 me
863 2609 907 2666 ud
923 2609 1095 2680 collieemto
1113 2611 1183 2668 tulis
1203 2609 1267 2668 uiri
1282 2615 1368 2680 peste

222 2701 387 2776 ephemeris
419 2701 547 2763 Turduli
579 2704 732 2764 Geliicuoi
750 2708 919 2779 plurimum
951 2709 1042 2780 iuuit,
1073 2709 1137 2764 eriri
1167 2707 1369 2766 honestissimi

222 2816 260 2859 oc
283 2803 489 2877 sincerissimi,
512 2803 690 2872 beneficium
715 2807 807 2862 amici
829 2809 910 2864 senis
933 2811 1036 2864 tacere
1059 2821 1118 2866 mort
1146 2807 1242 2864 debili.
1281 2821 1366 2882 quarn

223 2897 343 2974 quidem
365 2899 588 2976 ephemeridem
611 2901 730 2960 nomine
752 2903 862 2962 omisso
883 2935 924 2944 --
944 2919 1041 2980 ueepie
1066 2903 1146 2962 enim
1169 2921 1232 2962 earn
1258 2901 1292 2962 ah
1313 2901 1367 2962 alia

223 2995 406 3075 distinguere
431 3014 556 3058 necesse
585 3007 649 3058 erat.
667 3033 709 3040 ss
730 2999 844 3060 duobus
871 3001 943 3062 locis
970 3001 1081 3078 citauit,
1106 3001 1198 3060 altero
1221 3001 1366 3078 fragmen·

222 3103 283 3154 ium
311 3097 391 3156 inter
420 3095 613 3174 epistularum
642 3099 778 3158 liciarum
804 3099 984 3178 farraginem
1014 3101 1162 3178 inserens,
1193 3099 1249 3160 etsi
1280 3101 1366 3160 etiaur

222 3193 332 3272 dubito,
356 3213 427 3265 num
449 3193 532 3254 illius
554 3199 644 3256 amici
666 3199 745 3261 senis
766 3197 956 3276 ephemeride
976 3197 1117 3278 Vopiscus
1138 3217 1210 3258 nere
1228 3215 1300 3256 usus
1321 3201 1366 3258 sil.

158 3280 160 3283 ¹
221 3295 280 3352 me
298 3295 410 3370 Scrint.
428 3295 457 3354 h.
473 3296 506 3352 Α.
520 3313 553 3370 p.
567 3295 643 3356 238.

329 3695 610 3811 IMPERATOR
636 3697 675 3766 L.
703 3691 928 3766 DOMITIVS
959 3691 1261 3766 listiniensis

610 3832 774 3900 [imperator
791 3831 979 3898 adili-didi)

308 3965 406 4024 Etiam
432 3967 483 4024 hic
509 3965 670 4024 memoriae
694 3979 765 4024 suae
790 3963 990 4040 consuluerat,
1017 3981 1083 4022 cunr
1107 3971 1137 4048 et
1161 3962 1365 4042 ephemerides

221 4073 249 4126 et.
274 4061 362 4124 ‘bella
384 4063 554 4124 charactere
577 4063 721 4122 historico
739 4057 863 4140 digesla’
885 4063 1037 4122 scriberet.
1071 4081 1139 4120 narn
1161 4063 1193 4120 in
1215 4065 1364 4142 prooemio

220 4165 299 4222 tritae
317 4147 471 4222 Aureliani
486 4161 628 4240 Vopiscus
649 4162 766 4222 lunium
784 4159 976 4222 'liberianum
995 4177 1027 4220 sc
1047 4161 1258 4238 cohortantem,
1278 4167 1309 4220 ut
1331 4159 1364 4220 ad

219 4262 374 4322 historiam
396 4259 526 4336 accedat,
549 4260 617 4318 lacit
641 4263 730 4320 eliam
752 4259 826 4318 haec
852 4259 995 4342 dicentem
1019 4261 1060 4336 (l,
1083 4261 1129 4332 6):
1155 4267 1182 4320 el
1208 4267 1315 4336 tumere,
1339 4263 1365 4318 si

221 4365 296 4422 ome
317 4363 399 4434 rioci,
424 4361 631 4438 ephemerides
656 4363 736 4420 illim
758 4363 823 4419 oiri
846 4363 978 4436 scriptus
1000 4359 1153 4434 hebemus,
1176 4363 1268 4420 etiem
1287 4361 1364 4420 bellu
