3234 4950
612 382 781 443 VITARVM
800 384 1018 443 scelerosos
1262 408 1393 457 ccxrnr

242 556 351 635 Aquilii
375 574 535 636 perpessus
560 566 604 617 est
629 556 833 617 Herennius
858 558 1021 635 Seneci0,
1049 576 1083 617 ex
1103 558 1219 617 Baetica
1242 560 1392 637 oriundus,

241 656 293 717 ubi
324 656 411 715 etiam
441 662 597 735 quaestura
629 656 747 715 functus
776 664 833 735 est,
862 664 983 735 propter
1012 658 1102 715 uitam
1134 656 1261 717 llcluidii
1288 656 1392 737 Prisci,

242 756 313 815 item
342 754 511 833 philosophi
539 754 626 813 stoici
648 752 854 833 Tlrraseaeque
881 758 996 833 generi,
1025 758 1075 833 qui
1102 764 1168 833 post
1196 758 1310 815 uariam
1333 756 1391 815 l'or·

241 861 343 913 tunam
371 854 501 931 primum
525 872 539 911 3
560 852 686 931 Nerone,
711 851 817 911 deinde
841 872 856 911 a
877 852 1054 931 Vespasiano
1080 862 1201 931 propter
1223 854 1390 913 libertatem

240 950 334 1011 Roma
351 952 457 1029 pulsus
475 960 505 1011 et
524 950 559 1009 ah
579 950 635 1009 hoc
653 950 828 1011 interiectus
848 958 911 1011 3333
927 954 1067 1027 (Prosop.
1083 952 1123 1009 II
1131 972 1162 1027 p.
1176 952 1240 1011 129
1257 970 1282 1013 3.
1295 946 1390 1037 3731)

241 1050 365 1109 florebat
399 1058 496 1109 autem
530 1050 561 1107 in
592 1048 666 1109 urhe
701 1048 785 1109 laude
817 1048 1011 1127 eloquentiae,
1038 1068 1105 1109 cum
1137 1070 1201 1109 eam
1226 1052 1346 1127 scripsit
1377 1070 1391 1109 3

241 1148 361 1223 Fannia,
386 1166 476 1207 uxore
501 1146 632 1207 Heluidii
654 1148 772 1225 liliaque
795 1148 946 1207 Thraseae
969 1154 998 1207 33
1022 1148 1125 1209 Arriae
1148 1150 1279 1227 minoris
1309 1168 1391 1229 roga·

240 1255 289 1307 tus
323 1246 602 1325 commentariisque
641 1244 772 1325 adiutus,
810 1252 1023 1325 333333333333
1062 1254 1105 1307 333
1141 1268 1154 1307 3
1185 1246 1282 1307 hletlio
1319 1248 1391 1307 Caro

241 1344 379 1405 delatore.
416 1346 582 1423 fragmenta
614 1351 712 1403 tamen
746 1348 811 1403 eius
845 1344 964 1423 desunt,
999 1346 1054 1403 etsi
1087 1346 1197 1405 Fannia
1230 1364 1295 1407 eam
1325 1366 1391 1407 cunr

240 1442 323 1504 exilii
349 1444 482 1523 periculo
516 1445 649 1504 sanauit
676 1446 770 1517 (Ptin.
793 1462 838 1519 ep.
864 1446 893 1523 7,
913 1444 964 1523 19,
984 1446 1028 1521 5),
1058 1442 1184 1505 illarciae
1217 1446 1292 1505 tiliae
1323 1444 1391 1505 lire-

239 1545 327 1602 motii
350 1541 439 1603 Cordi
463 1544 630 1619 exemplum
653 1549 756 1601 secuta
774 1544 818 1615 (o.
833 1562 853 1601 3.
868 1562 901 1619 p.
918 1546 1084 1617 cnrrrrsq).

330 1640 456 1701 Maxime
473 1642 531 1701 hoc
548 1640 716 1701 litterarum
734 1658 829 1719 genus
852 1640 998 1701 Traiani
1023 1648 1138 1701 aetate
1157 1644 1236 1701 inter
1257 1662 1306 1703 eos
1327 1662 1390 1703 ora-

240 1748 321 1799 tores
341 1739 501 1819 doctosque
516 1740 651 1799 homines
665 1742 769 1818 uiguit,
782 1743 815 1799 in
831 1758 956 1817 qnorum
971 1740 1215 1799 consuetudinem
1230 1760 1389 1819 moresque

239 1838 330 1900 Plioii
352 1840 487 1919 epistulis
512 1838 736 1899 introducimur.
773 1840 859 1899 etiam
885 1840 1017 1899 omnium
1039 1836 1218 1899 ‘occisorum
1245 1846 1293 1899 aut
1317 1840 1389 1899 rele-

239 1946 374 2015 gatorum
395 1958 410 1997 a
428 1934 557 1997 Nerone’
580 1937 725 2015 conplecti
743 1946 883 2015 coeperat
898 1934 926 1995 d.
944 1938 1111 2015 Pennino,
1134 1956 1286 1997 causarum
1309 1946 1390 1997 actor

240 2054 256 2095 3
281 2037 374 2097 Plinio
403 2045 435 2097 33
464 2036 583 2115 elegans
609 2036 805 2115 3331333333,
836 2044 938 2097 acutus
966 2044 1084 2115 natura,
1111 2054 1167 2095 usu
1203 2038 1389 2117 exercitatus,

239 2138 364 2195 ueritate
398 2138 639 2215 promptissimus
669 2134 819 2213 laudatus,
852 2136 937 2195 cuins
966 2136 1141 2195 memoriam
1166 2142 1234 2213 post
1263 2144 1388 2195 mortem

240 2228 336 2317 (inter
361 2254 455 2295 annos
480 2229 542 2295 105
568 2244 597 2295 33
621 2228 700 2317 108)
725 2234 850 2312 epistula
876 2228 937 2293 to
962 2240 1138 2313 prosecutus
1167 2240 1223 2311 est,
1257 2240 1389 2295 ceterum

238 2336 365 2411 ignotus,
404 2336 499 2413 primo
533 2332 606 2393 libro
643 2332 676 2391 de
711 2332 874 2393 sceleribus
903 2330 1029 2393 Neronis
1064 2342 1162 2409 egerat
1194 2340 1279 2411 atque
1310 2334 1389 2393 hunc

239 2432 372 2514 duosque
407 2431 550 2511 ediderat,
585 2432 635 2513 qni
662 2432 836 2510 frequenter
867 2432 1087 2512 lectitabantur,
1122 2450 1189 2492 cum
1226 2434 1386 2512 quominus

239 2529 394 2614 ‘reliquos'
417 2535 589 2612 perliceret,
614 2541 712 2592 morte
737 2529 889 2610 iupeditus
913 2539 970 2610 est,
995 2529 1025 2590 id
1049 2529 1129 2610 qood
1152 2529 1292 2610 Plinium,
1320 2551 1387 2592 curn

239 2626 375 2693 ‘subtiles
396 2641 423 2692 ct
445 2631 601 2712 diligentes
620 2640 651 2690 et
672 2627 768 2690 latini’
787 2637 896 2708 essent,
915 2631 999 2706 grani
1020 2629 1118 2688 dolore
1140 2629 1272 2690 conludii
1290 2635 1324 2704 (l.
1338 2635 1387 2706 3.).

327 2731 459 2790 Eandem
485 2733 653 2808 materiam,
676 2727 786 2790 ‘exitus
814 2727 982 2790 inlustrium
1014 2729 1159 2808 uirorum,
1190 2731 1219 2786 in
1243 2729 1288 2790 his
1316 2749 1387 2808 quo·

238 2829 364 2890 3333333
396 2829 454 2890 sihi
483 2825 718 2890 carissimorum’
749 2827 931 2888 tractandam
963 2829 1131 2906 suscepisse
1162 2827 1242 2886 idem
1274 2825 1387 2888 Plinius

237 2931 324 2990 testis
347 2938 395 2990 est
416 2931 448 2988 in
471 2949 517 3006 ep.
538 2925 580 2988 12
602 2927 672 2988 lihri
696 2927 757 2987 Vlll
785 2925 842 2986 Cn.
865 2925 1052 2986 Octauium
1083 2925 1255 2986 Titinium
1283 2925 1386 3006 Capi·

237 3035 355 3090 torrem
380 3047 471 3108 seque
494 3027 532 3088 ad
553 3029 760 3088 recitationem
783 3027 940 3084 inuitatum
966 3045 1038 3084 esse.
1073 3027 1128 3084 luit
1147 3025 1203 3102 hio,
1227 3027 1277 3104 qui
1297 3027 1386 3086 etiam

236 3127 270 3186 iu
289 3147 320 3186 re
340 3127 463 3186 militari
479 3145 600 3206 operam
617 3127 775 3204 praestitit,
794 3123 831 3184 ah
850 3123 985 3204 epistulis
1001 3129 1030 3182 et
1042 3123 1210 3184 Domitiano
1224 3133 1255 3184 et
1270 3123 1386 3186 Neruae

237 3233 268 3286 et
290 3225 416 3286 Traiano
431 3229 570 3302 (Prosop.
586 3225 665 3300 Hp.
680 3225 745 3284 429
766 3223 876 3302 3341),
897 3229 927 3282 ut
948 3223 1112 3282 litterarum
1134 3221 1297 3282 studiosum
1319 3243 1386 3282 eum

237 3325 331 3384 luisse
353 3325 404 3384 uel
423 3325 494 3384 hinc
519 3333 665 3405 appareat,
689 3321 742 3384 sed
767 3321 895 3382 eundem
914 3323 1001 3382 ctiam
1023 3321 1093 3382 alios
1113 3321 1247 3382 eiusdem
1268 3325 1385 3400 generis

237 3423 349 3484 louisse
376 3433 407 3484 33
432 3425 605 3502 prouenisse
630 3441 665 3482 ex
687 3423 784 3482 Plinio
807 3423 1023 3498 cognoscimus
1047 3421 1098 3500 qui
1123 3439 1190 3480 eum
1215 3439 1273 3480 non
1296 3423 1384 3480 modo

236 3532 359 3601 propter
396 3525 547 3600 ingenium
584 3521 818 3602 pulcherrimum
852 3527 880 3580 et
913 3521 1074 3580 maximum
1110 3521 1189 3580 inter
1224 3523 1385 3600 praecipua

236 3622 348 3681 saecoli
370 3629 542 3680 ornamenta
566 3628 703 3682 nurnerat
726 3619 780 3678 sed
803 3621 893 3678 etiarn
917 3613 1098 3696 ‘multorum
1123 3621 1173 3698 qui
1199 3617 1293 3696 aliqua
1316 3639 1384 3678 con-

236 3728 351 3798 ponunt
371 3727 499 3798 portum,
525 3721 631 3798 sinum,
656 3713 812 3798 gremium’
839 3715 973 3796 appellat.

325 3819 380 3878 Hic
418 3821 506 3878 etiam
543 3820 642 3896 ipsum
682 3818 713 3876 C.
745 3817 902 3876 Plinium
945 3815 1141 3876 Caecilium
1182 3815 1383 3876 Secundum

237 3920 376 3996 (Prosop.
402 3919 459 3978 IH
474 3937 508 3994 p.
533 3917 576 3976 48
590 3937 652 3992 sqq.
677 3937 708 3978 n.
727 3917 805 3990 370)
842 3915 1012 3976 adhortatus
1049 3921 1124 3992 3333,
1163 3921 1196 3974 33
1227 3915 1382 3976 historiam

236 4017 393 4096 scriberet,
430 4017 482 4094 qui
518 4019 548 4074 io
588 4015 711 4076 eandem
747 4017 923 4075 sententiam
963 4017 1021 4074 iam
1055 4009 1159 4074 ‘libros
1200 4013 1231 4072 de
1271 4011 1382 4098 ultione

327 4174 352 4240 1)
370 4169 544 4224 Testimonia
557 4169 646 4224 habes
660 4188 687 4238 p,
699 4189 789 4224 eoxxn
802 4167 833 4220 in
849 4169 911 4220 adn.
924 4173 958 4236 2.‚
972 4167 1074 4236 quihus
1090 4167 1162 4222 adde
1176 4167 1252 4222 Cass.
1265 4167 1381 4222 Dionem

236 4257 359 4317 67,13,2
377 4247 550 4306 Ἀπέκτεινεν
574 4251 773 4320 (Domitianus)
791 4281 825 4290 -m
848 4251 897 4302 ναὶ
918 4245 1060 4316 Ἑρέννιον
1087 4245 1259 4316 Σενεκίωνα,
1283 4245 1326 4302 ὅτι
1352 4269 1381 4302 τε

236 4331 370 4399 οὐδεμίαν
390 4332 480 4402 ἀρχὴν
498 4331 531 4386 ἐν
548 4335 640 4403 πολλῷ
658 4329 709 4404 βίῳ
728 4330 795 4400 μετὰ
814 4325 941 4400 ταμιείαν
963 4327 1056 4402 ᾐτήκει
1073 4329 1119 4384 καὶ
1137 4327 1176 4382 dcc
1191 4337 1239 4382 τοῦ
1256 4329 1381 4398 Πρίσκον

234 4421 284 4465 τοῦ
295 4409 456 4466 Ἑλονιδὶον
473 4413 523 4468 τὸν
541 4409 604 4482 βίον
622 4409 805 4482 συνέγραψεν.
