3234 4950
286 338 357 383 Lxx
533 314 579 367 DE
602 314 831 369 SCRlPTORVM
852 314 943 367 VITIS
963 315 1009 367 ΕΤ
1031 314 1186 368 scalpris

286 486 395 543 scimus
428 486 468 555 (a.
490 486 641 545 Fennema
659 504 691 559 p.
712 484 827 561 ,ὄρ-9),
857 502 872 541 a
901 482 1001 541 Cassio
1029 484 1121 541 Dione
1146 482 1213 557 (At),
1232 482 1387 557 23-31),
1418 501 1432 541 a

285 582 394 641 l'elleio
417 584 470 653 (II
485 582 544 653 82;
563 580 614 657 91,
629 582 664 653 I)
684 584 714 641 in
736 582 890 641 Octauiani
916 589 1045 641 mentem
1067 582 1133 659 plus
1163 582 1300 641 minusue
1324 580 1432 639 infecta

286 683 331 739 sit.
362 682 463 739 omitto
489 698 567 739 nunc
591 698 744 759 quaerere,
766 698 838 739 nom
864 680 961 755 ipsum
981 680 1108 739 helhum
1125 678 1302 739 Plutarchus
1325 678 1432 737 adierit

287 770 356 857 (per
375 776 526 837 Nicolaum
547 776 759 839 llanrascenum
781 785 882 839 censet
907 776 1080 837 Gutschmid
1104 782 1180 839 Iron
1198 796 1228 856 p.
1242 771 1337 858 970),
1359 776 1432 835 illud

286 882 399 935 ‹ronstat
426 878 490 935 eius
513 878 711 935 narrationem
733 878 859 935 Antonio
880 878 1007 935 maxime
1033 878 1141 953 fauere)
1166 894 1241 953 quae
1264 878 1360 953 possit
1383 894 1432 935 ex-

286 982 438 1033 cusantem
461 974 510 1033 uel
536 974 744 1033 defendentem
762 976 942 1047 (illommseo
961 976 1039 1035 trist.
1053 976 1138 1035 Rom.
1161 976 1186 1031 V
1193 993 1229 1049 p.
1243 974 1308 1033 367
1304 978 1333 1047 }.
1364 992 1433 1031 nam

287 1074 317 1129 in
350 1090 384 1131 ea
417 1090 485 1131 cum
517 1072 687 1149 Cleopatrae
721 1092 836 1133 ueneno
870 1079 898 1131 et
932 1080 994 1132 arte
1032 1082 1134 1151 agatur
1163 1074 1217 1147 (cf.
1235 1082 1367 1147 praeter
1395 1076 1432 1132 ol.

286 1174 369 1229 locos
391 1188 416 1229 c.
434 1172 499 1249 37),
522 1178 583 1231 tum
606 1170 776 1229 Artauardis
801 1170 970 1249 proditione
993 1172 1023 1229 in
1046 1172 1212 1249 perniciem
1235 1172 1364 1230 trahitur
1378 1172 1432 1246 (cf.

287 1286 312 1327 c.
331 1268 383 1327 39.
399 1270 470 1349 50);
500 1272 596 1347 ipsum
625 1270 731 1347 ingens
758 1268 885 1329 militum
916 1286 997 1329 amor
1020 1268 1224 1347 amplectitur,
1246 1272 1279 1328 in
1302 1288 1360 1347 quo
1384 1288 1433 1327 cx-

287 1366 418 1425 ornando
442 1368 553 1427 multus
581 1374 627 1427 est
648 1366 838 1444 Plutarchus
863 1370 1018 1445 omniaque
1044 1366 1079 1427 ad
1104 1386 1171 1427 eum
1196 1368 1377 1445 referuntur,
1402 1376 1435 1427 ut

287 1484 363 1543 quae
390 1474 456 1525 ante
488 1468 552 1525 eius
578 1464 798 1543 expeditionem
824 1468 859 1525 in
884 1468 999 1525 oriente
1028 1472 1129 1525 contra
1158 1466 1282 1525 Parthos
1309 1466 1346 1525 ah
1369 1468 1434 1525 eius

285 1562 390 1641 legatis
420 1562 623 1623 administrata
650 1566 718 1641 sint,
744 1572 794 1623 aut
815 1564 948 1623 breuiter
973 1574 1176 1625 memorentur
1198 1573 1249 1625 aut
1272 1572 1434 1641 taceantur,

287 1680 381 1739 genus
409 1662 444 1721 ah
476 1662 602 1721 Hercule
632 1660 789 1721 deducitur
812 1666 853 1734 (e.
872 1664 938 1737 36).
979 1662 1106 1741 denique
1137 1662 1216 1741 quod
1250 1682 1309 1721 non
1340 1664 1434 1721 solum

287 1760 393 1837 uiginti
419 1768 530 1837 septem
557 1760 672 1819 diemm
694 1760 753 1819 iter
776 1778 793 1819 a
815 1760 952 1839 Praaspis
978 1780 1070 1839 usquc
1097 1760 1130 1821 ad
1150 1761 1318 1820 Armeniam
1343 1762 1435 1819 fuisse

289 1862 327 1929 (c.
339 1858 394 1931 50)
413 1856 568 1919 sedetiam
588 1876 644 1935 quo
668 1858 712 1917 die
734 1858 877 1937 quaedam
895 1867 979 1937 gesta
997 1868 1105 1937 essent,
1124 1862 1245 1937 scripsit
1264 1862 1303 1930 (c.
1314 1861 1366 1919 41.
1382 1861 1434 1918 42.

257 1996 258 1999 =
288 1958 354 2035 49),
371 1976 438 2015 eum
455 1958 511 2017 hoc
527 1976 542 2015 a
558 1956 706 2015 Plutarchi
727 1976 808 2017 more
823 1958 990 2035 abhorreat,
1008 1960 1291 2017 commentariorum
1308 1958 1434 2017 formam

289 2056 447 2115 retinuisse
481 2054 609 2115 uidetur.
649 2054 832 2133 Quamquam
861 2054 954 2113 Dellio
987 2060 1110 2135 propius
1140 2056 1198 2115 tuit
1226 2056 1435 2135 Theophanem

287 2162 400 2231 patrem
430 2154 555 2231 imitari,
581 2156 633 2231 qui
660 2152 782 2233 Pompei
810 2172 859 2213 res
885 2156 919 2213 in
944 2156 1060 2215 oriente
1093 2162 1189 2233 gestas
1219 2156 1249 2213 in
1277 2154 1435 2213 Alexandri

288 2252 385 2329 Magni
420 2252 645 2311 similitudinem
680 2261 800 2313 auxerat
830 2260 862 2312 et
892 2262 1089 2313 exornauerat
1117 2254 1171 2330 (cs.
1193 2254 1288 2323 Quali.
1308 2256 1336 2313 d.
1359 2256 1435 2314 Plau

281 2370 316 2427 p.
336 2352 400 2409 rra
416 2354 501 2425 sqq).
539 2356 567 2411 at
596 2352 651 2409 etsi
681 2350 823 2429 quaedam
853 2360 950 2429 partes
981 2360 1071 2411 artem
1099 2354 1278 2411 rhetoricam
1301 2352 1435 2411 redolent

290 2442 431 2530 (maxime
455 2468 479 2508 c.
499 2444 541 2508 43
566 2456 594 2508 et
618 2444 685 2532 44),
713 2450 879 2528 simplicius
907 2456 1005 2510 tamen
1035 2450 1117 2510 tilurn
1145 2450 1275 2509 texuisse
1307 2450 1436 2526 uidetur,

289 2565 336 2608 res
362 2551 453 2626 magis
479 2557 507 2608 et
530 2565 670 2608 numeros
693 2567 781 2626 quam
806 2557 979 2608 ornamenta
1006 2558 1144 2628 spectans
1172 2547 1435 2628 Xenophontisque

290 2645 430 2706 anabasin
456 2645 628 2724 aemulatus
657 2649 741 2706 cuius
775 2647 877 2706 decem
902 2647 985 2706 milia
1009 2648 1156 2707 Antonius
1184 2647 1220 2706 de
1251 2667 1305 2706 sno
1339 2649 1436 2708 reditu

288 2763 381 2822 paene
407 2743 567 2822 desperans
591 2745 689 2804 felicia
712 2745 865 2824 praedicat
885 2745 964 2824 apud
983 2745 1174 2806 Plutarchum
1192 2747 1233 2818 (c.
1251 2747 1318 2824 45),
1339 2749 1435 2806 torsit-

290 2861 335 2922 an,
360 2851 390 2904 ut
416 2847 504 2904 etiam
526 2845 654 2902 maiores
679 2863 765 2922 quam
791 2863 865 2922 quos
886 2843 1003 2904 labores
1024 2847 1067 2905 illi
1092 2845 1239 2921 tulissent,
1262 2845 1437 2905 aliomanis

290 2949 468 3000 sustentatos
499 2961 564 3002 esse
594 2941 818 3002 demonstraret.
866 2943 961 3001 Etiam
991 2961 1090 3002 sermo
1115 2946 1178 3004 eins
1199 2943 1321 3002 uidetur
1346 2945 1436 3002 luisse

291 3039 420 3118 Latinus,
440 3059 500 3100 uon
519 3039 649 3100 Graecus
670 3047 700 3100 ut
716 3039 904 3120 Theophanis
920 3041 1051 3116 (Scaptio
1069 3045 1102 3114 ao
1117 3043 1343 3118 llirschfelderc‘
1361 3047 1438 3102 actis

282 3141 361 3214 phil.
381 3141 436 3198 HI
456 3157 482 3198 c.
503 3139 613 3210 1454).

177 3249 178 3252 ’
380 3231 442 3306 Quo
471 3245 569 3298 tamen
596 3245 731 3316 tempore
757 3237 870 3299 Dellius
896 3239 928 3298 in
954 3239 1003 3298 his
1027 3241 1247 3298 commentariis
1272 3237 1438 3298 scribendis

290 3345 426 3396 uersatus
455 3337 505 3414 sit,
534 3353 581 3396 res
613 3345 656 3396 est
685 3337 832 3417 ambigam
862 3357 898 3396 ne
928 3337 1001 3396 illud
1029 3337 1148 3415 quidem
1178 3337 1309 3396 discerni
1332 3345 1438 3414 potest,

290 3443 391 3494 utrum
422 3441 489 3494 ante
512 3433 623 3494 hellunr
645 3435 798 3494 Actiacum
826 3453 864 3494 an
890 3443 966 3512 post.
1002 3437 1123 3496 uirtutis
1148 3436 1269 3494 Antonii
1293 3435 1377 3496 laude
1403 3435 1438 3494 ad

291 3531 365 3592 illud
400 3531 556 3592 trahimur.
598 3531 648 3592 sed
684 3551 750 3592 cum
782 3533 952 3610 Cleopatrae
986 3537 1066 3592 omni
1095 3536 1209 3593 ratione
1246 3531 1438 3611 ohtrectetur,

293 3633 377 3690 cuius
398 3631 522 3690 insidias
551 3629 701 3690 dicacitate
728 3649 778 3690 sua
806 3633 935 3690 ollensae
958 3633 1081 3692 timebat
1106 3633 1164 3708 (fr.
1182 3633 1229 3708 2),
1251 3633 1316 3690 eius
1342 3640 1438 3692 autem

291 3731 368 3788 iram
398 3729 486 3788 hreni
518 3735 584 3788 ante
618 3731 710 3806 ipsam
741 3747 869 3808 pugnam
897 3733 1078 3790 contraxerit
1103 3725 1194 3812 (quod
1224 3731 1254 3788 ni
1283 3733 1322 3790 ita
1352 3739 1438 3805 esset,

292 3831 350 3888 iam
375 3837 458 3888 antea
484 3827 517 3888 ad
539 3825 732 3888 Octauianum
756 3822 905 3910 fugisset),
929 3827 985 3888 suh
1001 3829 1132 3906 Augusto
1158 3847 1207 3888 eos
1232 3831 1262 3888 in
1286 3828 1439 3906 publicum

293 3927 387 3986 editos
407 3945 472 3986 esse
489 3925 694 3986 uerisimilius
710 3929 952 4004 ost‚praesertim
973 3945 1042 3986 cunr
1059 3927 1171 3986 Dellius
1189 3935 1256 3986 ante
1278 3927 1437 3988 discrimen

385 4173 408 4242 1)
430 4171 573 4224 Fabricius
598 4187 625 4238 p.
645 4175 802 4238 acusque
825 4171 994 4224 Strabonem
1010 4171 1126 4238 quidem
1146 4171 1351 4240 geographiam
1373 4171 1439 4224 scri-

292 4251 405 4304 bentem
435 4251 558 4304 Bellium
585 4251 650 4302 anie
680 4267 707 4302 se
732 4251 865 4304 habuisse
886 4251 961 4318 uult,
986 4251 1036 4304 sed
1059 4256 1119 4304 tum
1136 4253 1260 4315 tanturn,
1286 4269 1349 4304 cum
1367 4267 1439 4304 com-

293 4329 451 4384 mentarios,
