3234 4950
677 396 849 451 ANNALES
1293 396 1338 459 83

190 552 292 615 πάλαι
315 562 579 633 στρατηγοῦντος
603 564 663 617 τοῦ
685 554 807 635 πατρὸς
833 552 952 617 αὐτόθι
981 552 1035 615 καί
1057 554 1178 634 φίλους
1202 573 1338 633 πεποιη-

189 648 297 729 μένος.
354 650 460 735 εὑρὼν
491 646 528 713 δὲ
560 650 682 727 πάντας
716 652 877 735 περιδεεῖς
914 648 970 715 καὶ
999 652 1060 733 τὴν
1095 649 1243 731 ὠμότητα
1277 652 1339 733 τὴν

189 750 325 833 Μαρίου
346 748 495 831 καθάπερ
516 746 698 831 ἐφεστῶτος
719 750 832 825 αὐτοῖς
851 750 1031 833 τρέμοντας
1044 747 1160 813 οὐδενὶ
1178 748 1338 831 γενέσθαι

189 846 333 931 φανερὸς
350 846 547 931 ἐθάρρησεν,
557 846 622 913 ἀλλ’
638 852 684 925 είς
699 848 823 933 άγροῦς
839 847 991 931 ἐμβαλὼν
998 848 1183 930 παραλίους
1193 846 1338 927 Οὐιβίου

164 948 364 1011 εΠακιακοῦ
387 948 550 1027 σπηλαίου
572 942 707 1031 ἔχοντας
733 946 909 1031 εὐμέγεθες
926 942 1071 1030 ἔκρυψεν
1091 944 1219 1011 ἑαυτόν.
1253 946 1338 1029 πρὸς

189 1038 226 1107 δὲ
249 1044 308 1107 τὸν
333 1044 477 1125 Οὐίβιον
500 1048 640 1125 ἐπεμφεν
668 1044 726 1111 ἕνα
748 1048 873 1111 δοῦλον
896 1044 1168 1129 ἀποπειρώμενος
1193 1045 1257 1127 ἤδη
1283 1044 1337 1107 666

188 1152 255 1207 τῶν
285 1140 431 1225 ἐφοδίων
462 1142 687 1209 ἐπιλιπόντων.
736 1144 751 1209 6
783 1144 818 1209 δὲ
849 1144 985 1227 Οὐίβιος
1013 1142 1159 1219 ἀκούσας
1183 1142 1275 1225 ἥσθη
1301 1166 1338 1207 τε

188 1238 361 1329 σωζομένῳ
388 1240 442 1305 καὶ
473 1244 662 1323 πυθόμενος
689 1244 726 1307 τὸ
753 1248 884 1325 πλῆθος
908 1254 973 1307 τῶν
994 1244 1058 1305 σὺν
1083 1242 1172 1331 6666
1199 1240 1252 1305 καί
1277 1242 1338 1305 τὸν

188 1342 292 1403 τόπου
320 1338 420 1415 αὐτὸς
446 1336 507 1423 μὲν
538 1340 599 1405 οὐκ
625 1336 732 1423 ἦλθεν
760 1344 807 1417 είς
836 1344 925 1425 ὄφιν,
955 1343 1014 1407 τὸν
1046 1338 1083 1405 δὲ
1110 1352 1178 1407 τῶν
1206 1344 1338 1425 χωρίων

150 1466 176 1505 ιο
191 1434 369 1521 ἐπίτροπον
396 1440 618 1521 προσαγαγὼν
641 1438 740 1521 ἐγγὺς
768 1436 919 1503 ἐκέλευσε
944 1440 1024 1503 καθ’
1049 1438 1175 1524 ἡμέραν
1197 1440 1338 1503 δεῖπνον

188 1536 411 1621 πεποιημένον
437 1540 581 1621 κομίζειν
611 1536 665 1601 666
692 1536 829 1601 τιθέντα
857 1538 944 1623 παρά
974 1539 1035 1621 τὴν
1055 1537 1179 1622 πέτραν
1202 1538 1337 1623 άπέρχε-

190 1642 270 1699 σθαι
296 1644 400 1719 σιωπῇ
426 1634 480 1699 καὶ
503 1636 547 1719 μὴ
565 1638 859 1719 πολυπραγμονεῖν
875 1634 957 1719 μηδ’
977 1634 1144 1719 ἐξετάζειν,
1168 1636 1337 1720 προειπών

188 1738 524 1819 πολυπραγμονοῦντι
553 1734 717 1817 θάνατον,
746 1734 992 1820 συμπράττοντι
1020 1730 1056 1797 δὲ
1085 1744 1183 1799 τοῦτο
1213 1746 1337 1811 πιστῶς

189 1830 391 1917 ἐλευθερίαν.
427 1870 467 1879 -
502 1830 561 1921 (5.)
593 1832 758 1899 Ἐνταῦθα
797 1834 1002 1917 διατρίβοντι
1040 1842 1084 1921 τῷ
1114 1833 1258 1921 Κράσσφ
1296 1836 1336 1897 τά

148 1930 357 2013 τεέπιτηδεια
384 1928 457 1995 καθ’
493 1932 617 2017 ἡμέραν
647 1932 762 2017 ἐφοίτα
793 1936 934 2015 κομίζων
966 1932 984 1997 6
1013 1932 1206 2019 ἄνθρωπος,
1237 1932 1336 2008 αὐτὸς

188 2026 249 2113 μὲν
287 2030 347 2115 οὐχ
385 2028 475 2115 δρῦν
511 2028 660 2105 ἐκείνους
696 2026 777 2095 οὐδὲ
813 2032 998 2115 γινώσκων,
1037 2030 1088 2095 ὐπ’
1123 2028 1261 2095 ἐκείνων
1298 2028 1336 2095 δὲ

188 2130 424 2211 καθορώμενος
447 2132 584 2193 εἰδότων
609 2130 663 2193 666
685 2134 1012 2251 παραφυλαττόντων
1041 2131 1101 2194 τὸν
1121 2131 1246 2210 καιρόν.
1293 2124 1336 2211 66

189 2224 219 2289 δ’
247 2228 382 2309 άφθονα
406 2226 458 2291 666
485 2230 565 2313 πρὸς
589 2226 726 2311 ἡδονήν,
754 2228 795 2291 οὐ
822 2232 930 2311 μόνον
952 2232 1066 2350 χρείαν
1090 2228 1273 2308 ποιούμενα
1295 2232 1336 2293 τά

188 2328 268 2411 πρὸς
293 2328 327 2391 τὸ
354 2328 498 2391 δεῖπνον.
536 2324 672 2409 ἐγνώκει
691 2328 752 2411 γάρ
774 2328 792 2391 6
812 2328 988 2409 Οὐίβιος
971 2328 1079 2413 απάση
1092 2328 1334 2492 φιλοφροσύνη

147 2454 174 2492 ιο
188 2426 388 2510 θεραπεύειν
408 2426 466 2490 τὸν
487 2424 690 2548 6666666„e
675 2450 697 2492 6
720 2450 755 2510 γε
775 2426 828 2490 666
849 2427 884 2490 τὸ
905 2436 962 2510 της
983 2428 1068 2511 ώρας
1092 2424 1128 2492 ἐν
1152 2435 1198 2514 66
1221 2430 1336 2508 λαβεῖν

189 2521 391 2608 ἐπῆλθεν,
377 2551 419 2600 ως
450 2525 637 2590 παντάπασι
672 2529 804 2602 νεανίας
836 2533 885 2608 είη
920 2529 977 2590 καί
1005 2550 1038 2590 τι
1069 2523 1124 2590 καὶ
1160 2539 1229 2602 ταῖς
1256 2523 1333 2590 καθ

187 2621 318 2704 ἡλικίαν
341 2623 479 2706 ηδουαῑς
503 2623 605 2688 αὐτοῦ
629 2623 814 2708 χαριστέον,
846 2623 914 2688 ἐπεὶ
942 2629 1003 2710 τήν
1032 2648 1068 2708 γε
1097 2629 1210 2710 χρείαν
1235 2625 1334 2706 6666-

188 2725 287 2796 καίως
318 2723 494 2806 μᾶλλον
482 2725 501 2806 6
539 2723 722 2806 προθύμως
758 2723 1012 2806 ὑπουργοῦντος
1049 2730 1142 2788 εῖναι
1195 2724 1258 2788 δύο
1293 2725 1334 2806 δὴ

188 2827 355 2906 θεραπαιν
321 2821 476 2896 ινίδας
443 2833 616 2902 ευπρεπεῖς
635 2821 813 2906 άναλαβδιν
831 2821 982 2906 ἐβάδιζεν
999 2821 1053 2886 ἐπί
1070 2825 1131 2906 την
1150 2821 1333 2886 θάλασσαν

146 2945 172 2986 τε
188 2917 231 2994 ώς
267 2917 300 2982 δ’
333 2917 439 3004 ἦλθεν
472 2917 522 2984 ἐπὶ
557 2921 616 2986 τὸν
645 2925 750 2986 τόπον
782 2919 889 2998 δείξας
926 2921 988 3004 τὴν
1022 2922 1148 2986 ἄνοδον
1184 2919 1334 2984 ἐκέλευεν

188 3025 264 3082 είσω
289 3019 492 3104 πορεύεσθαι
515 3017 570 3082 καί
589 3025 741 3106 θαρρεῖν.
784 3019 818 3082 οί
833 3015 871 3082 δὲ
888 3017 965 3102 περὶ
984 3019 1045 3082 τὸν
1061 3019 1222 3102 Κράσσον
1245 3019 1334 3082 6666-

188 3139 239 3192 τες
257 3115 519 3202 προσερχομένας
541 3117 681 3202 ἐδεισαν,
698 3119 741 3202 μὴ
760 3115 946 3201 καταφανὲς
965 3115 1020 3182 καὶ
1041 3121 1209 3202 γνώριμον
1229 3124 1277 3202 εἴη
1297 3119 1333 3180 τὸ

188 3217 318 3300 χωρίον·
367 3215 543 3298 άνέκριυον
566 3211 627 3280 οὐν
650 3217 760 3298 αὐτάς,
791 3218 823 3280 τί
844 3217 1024 3300 βούλονται
1052 3216 1105 3280 καὶ
1127 3219 1216 3292 τίνες
1239 3217 1333 3280 εἰσίν·

189 3313 231 3388 ώς
268 3313 305 3376 δ’
335 3313 555 3400 ἀπεκρίναντο
587 3313 821 3400 δεδιδαγμέναι
855 3315 1018 3396 δεσπότην
1052 3319 1153 3398 ζητεῖν
1186 3312 1334 3379 ἐνταῦθα

146 3439 173 3478 ιο
188 3415 426 3496 κρυπτόμενον,
449 3413 606 3496 μαθων
593 3439 610 3478 ο
630 3415 785 3500 Κράσσος
804 3423 864 3478 τοῦ
884 3415 1027 3496 Οὐιβιου
1051 3415 1113 3496 την
1130 3417 1213 3535 πρὸς
1232 3415 1334 3478 αὐτὸν

188 3511 324 3574 παιδιάν
341 3511 395 3574 καί
410 3513 667 3596 φιλοφροσύνην
683 3509 819 3594 ἀνέλαβε
833 3513 891 3586 τὰς
905 3513 1089 3633 παιδίσκας
1113 3513 1168 3576 καὶ
1183 3521 1333 3594 συνῆσαν

188 3609 274 3696 αὐτῷ
290 3609 348 3672 τὸν
366 3609 483 3676 λοιπὸν
498 3613 618 3694 χρόνον
629 3635 678 3676 ων
687 3607 753 3674 εδε
755 3633 792 3674 το
808 3611 992 3730 φράζουσαι
1006 3634 1061 3672 και
1052 3607 1333 3692 διαγγέλλουσαι

187 3709 268 3790 πρὸς
292 3709 350 3772 τὸν
377 3709 523 3790 Οὐίβιον.
570 3709 698 3774 τούτων
723 3709 805 3790 φησί
831 3709 893 3790 την
923 3707 1036 3792 ἑτέραν
1063 3709 1126 3790 ἤδη
1150 3711 1333 3793 πρεσβῦτιν

188 3803 292 3872 οὖσαν
325 3805 340 3870 6
378 3805 619 3884 Φαινεστέλλας
651 3809 737 3872 ἰδεῖν
773 3807 872 3883 αὐτὸς
907 3805 960 3870 καὶ
998 3809 1157 3882 πολλάκις
1193 3805 1331 3871 ἀκοῦσαι

146 3931 171 3970 τε
187 3903 392 3990 μεμνημένης
416 3913 517 3970 ταῦτα
542 3907 595 3970 καὶ
621 3907 805 3988 διεξιούσης
827 3907 1019 3988 προθύμως.

276 4001 421 4070 1666
422 4009 555 4068 υίίλθυ
525 4007 618 4066 628
641 4003 772 4088 Μάριος
794 4000 827 4066 δὲ
854 4007 950 4084 [βίῖυε
968 4013 1099 4084 septiens
1118 4013 1405 4084 607666‘6606m
1361 3981 1393 4028 82

181 4123 319 4182 μυρυαιυ
347 4109 390 4166 66
417 4107 627 4182 θαττιρονῖυνι
656 4105 857 4184 commissam]
884 4102 1019 4186 φεύγων
1049 4105 1094 4180 είς
1121 4094 1332 4190 Πραινεστὸν

188 4213 492 4310 —66—6666
515 4249 675 4310 Paciaeeus
688 4247 766 4308 (λοσε.
788 4251 814 4308 ῦ.
827 4249 916 4322 Ηίεμ.
932 4251 959 4308 3.
987 4251 1045 4310 60.
1059 4253 1100 4310 οδ
1121 4251 1142 4322 f.
1166 4251 1213 4310 VI
1231 4253 1285 4318 18,
1301 4254 1329 4310 2.

187 4339 225 4396 66
244 4337 303 4396 66.
320 4339 392 4396 XII
406 4343 471 4406 61
558 4343 582 4396 7.
608 4337 826 4398 ἀπολειπόντων
849 4339 979 4398 βαθυνεῖ.
1061 4343 1111 4400 19.
1133 4339 1186 4400 τὸν
1209 4339 1332 4400 δεῖπνον

185 4427 314 4488 δθίίθιῖεί.
392 4431 442 4486 29.
467 4425 659 4508 δεδιδαγμένα
684 4429 901 4488 μαλθακοῦ
980 4431 1029 4488 34.
1055 4427 1242 4506 φενεστέλλας
1262 4425 1332 4488 ίίδνί

1084 4529 1120 4582 6*
