3234 4950
556 331 595 384 M.
609 329 763 387 TVLLIVS
781 331 911 388 cicuitu
1263 351 1313 398 VII

162 505 302 564 minasset
336 501 367 560 in
399 499 606 576 laudandoque
641 517 743 560 eurum
772 499 970 578 expectationi
1000 517 1058 558 uon
1087 501 1158 560 satis
1191 499 1313 562 ferisset

162 601 221 675 (ud
232 599 307 676 fam.
324 599 345 658 Ι
358 597 389 673 9,
403 597 470 675 23),
489 601 546 658 etsi
566 615 651 676 opus,
669 615 737 658 eum
757 599 924 658 conlectum
946 605 1031 676 esset,
1057 615 1144 676 aegre
1162 595 1313 658 retinebat

162 691 518 779 (1111118131)
549 693 632 774 quali
654 704 754 756 autem
777 697 876 756 animo
899 695 1022 754 inbutus
1050 697 1102 776 ait,
1132 695 1201 756 inde
1224 693 1311 755 laeile

162 795 342 873 colligimus
369 793 450 872 quod
476 813 528 856 eos
554 793 649 854 libros
669 813 731 854 non
755 793 850 854 solum
875 791 910 854 ad
934 793 1078 864 Quintum
1100 793 1223 854 fratrem
1250 803 1311 854 tum

161 913 228 956 eum
261 893 387 952 Caesare
417 892 590 952 Britanniae
623 891 734 952 bellum
772 895 963 972 inferentem,
1003 891 1055 952 sed
1089 895 1189 970 ipsum
1221 895 1311 954 etiam

161 991 197 1054 ad
220 993 430 1070 imperatorem
455 993 544 1070 misit,
569 991 620 1070 qui
639 993 728 1070 primi
747 991 818 1050 libri
835 993 931 1069 prima
951 1009 980 1050 se
1002 1009 1037 1050 ne
1060 991 1170 1052 Graeca
1192 991 1311 1070 quidem

159 1090 283 1152 meliora
295 1091 404 1168 legisse
418 1107 436 1149 a
451 1085 572 1168 oestuo
585 1087 737 1168 respondit
748 1089 899 1166 (efiettcrru
914 1093 958 1150 ud
971 1089 1005 1160 Q.
1012 1089 1098 1168 sr.II
1110 1085 1310 1168 13[15‘}],2),

160 1189 196 1248 de
219 1189 329 1248 ceteris
351 1189 394 1248 ita
415 1187 569 1264 iudicauit,
591 1194 626 1246 ut
649 1195 701 1246 aut
721 1207 771 1248 res
789 1195 841 1248 aut
858 1183 1023 1268 χαρακτὴρ
1045 1206 1113 1248 eum
1134 1205 1193 1248 nun
1213 1187 1310 1248 delee-

158 1296 236 1348 tasse
267 1285 362 1346 llereo
391 1285 545 1348 uideretur
570 1287 628 1360 (aet
651 1285 686 1355 O.
701 1286 743 1362 sr.
764 1285 803 1346 II
824 1285 866 1346 15
880 1281 962 1366 [16],
976 1287 1075 1360 411).
1113 1305 1169 1364 quo
1199 1285 1310 1346 iudicio

158 1387 314 1463 scriptoris
336 1385 467 1444 studium
492 1392 522 1444 et
547 1385 666 1462 inpetus
696 1385 786 1444 animi
815 1385 995 1444 inminutum
1024 1391 1077 1444 est.
1114 1403 1184 1444 nam
1207 1403 1310 1462 quam-

158 1501 245 1562 quam
276 1483 384 1544 Caesar
412 1501 473 1543 non
509 1483 662 1542 destiterat
696 1479 820 1562 bifido,
853 1481 1019 1562 diligentia,
1052 1479 1209 1542 suauitate’
1242 1501 1309 1542 eum

156 1585 311 1662 prosequi,
344 1580 462 1660 Cicero,
496 1579 575 1660 quod
600 1599 641 1641 m.
659 1579 745 1640 lunio
768 1599 792 1640 1.
811 1575 951 1660 oiston,
980 1597 1049 1642 eum
1077 1585 1193 1640 tantum
1219 1579 1309 1642 modo

156 1699 262 1760 poema
283 1699 372 1740 suum
396 1679 433 1738 de
456 1679 641 1758 temporibus
664 1681 727 1738 suis
752 1677 787 1738 ab
814 1697 846 1740 eo
872 1677 992 1758 probari
1012 1679 1151 1758 audisset,
1176 1679 1308 1738 nendum

155 1781 251 1856 ipsius
273 1777 389 1838 litteras
410 1779 584 1857 accepisset,
609 1777 666 1838 sibi
690 1787 893 1856 proposuerat,
922 1787 955 1838 ut
978 1777 1249 1856 expeditionem
1272 1781 1309 1836 in

155 1877 380 1937 Britanniam
398 1894 473 1936 anuo
492 1879 629 1954 proximu
647 1879 802 1954 superiore
823 1875 929 1936 laetam
949 1875 1103 1954 scriberet,
1124 1875 1220 1954 idque,
1237 1895 1310 1954 quo-

154 1977 235 2036 niam
259 1979 290 2036 in
315 1975 440 2036 Caesare
463 1973 587 2035 nolendo
611 1981 671 2035 tam
701 1975 752 2034 diu
780 1973 1014 2054 indormiuisset,
1038 1973 1223 2054 properanda
1251 1983 1307 2034 tar·

156 2073 278 2134 ditatam
300 2091 407 2134 cursus
432 2075 608 2152 corrigeret,
635 2071 714 2132 ‘eum
734 2073 831 2152 equis,
855 2081 1013 2134 tumuere
1037 2073 1190 2152 quadrigis
1213 2075 1308 2152 poeti-

155 2170 210 2232 eis’
239 2175 298 2246 (ud
324 2173 354 2246 <t
372 2173 414 2248 fr.
434 2167 753 2252 1113[15“],111),
781 2177 886 2248 postea
914 2173 971 2232 hoe
1003 2171 1158 2232 aurisilium
1191 2169 1307 2232 abierit.

154 2269 315 2332 aeeedebat
336 2269 415 2350 quod
435 2270 563 2341 Quintus
582 2269 619 2330 ad
636 2269 716 2330 idem
735 2277 944 2348 argumentum
963 2269 1108 2332 deductus
1125 2271 1308 2346 (Buecheler

157 2369 191 2440 Q.
210 2371 541 2446 0111111111116)
570 2385 680 2428 uersus
707 2387 723 2428 a
752 2367 842 2428 tratre
872 2369 1005 2450 petebat,
1033 2375 1067 2428 ut
1093 2371 1158 2448 ipse
1184 2367 1307 2448 eoloreS,

153 2470 172 2529 i.
193 2471 326 2547 esitus,
354 2477 476 2529 naturas
508 2486 610 2529 rerum
638 2475 668 2527 et
696 2467 841 2545 locorum,
871 2486 983 2547 morea,
1012 2474 1116 2547 gentes
1144 2486 1160 2527 a
1188 2465 1305 2537 Quinto.

152 2570 254 2645 itaque
280 2586 385 2627 mense
408 2565 578 2646 Septembri
605 2575 635 2627 et
662 2584 751 2627 suum
777 2566 815 2627 ad
838 2564 997 2627 Caesarem
1019 2584 1124 2645 poema
1147 2566 1255 2627 incidit
1277 2574 1307 2627 et

153 2666 231 2745 apud
255 2668 379 2727 fratrem
402 2664 439 2726 de
459 2664 614 2742 uersibm,
636 2684 710 2741 quos
734 2666 927 2743 promiserat,
951 2684 1054 2727 euram
1077 2672 1108 2727 et
1131 2664 1306 2727 sollieitudi-

151 2784 221 2825 nem
253 2772 376 2825 excusat
406 2768 464 2837 (ed
491 2764 780 2841 1111111111
804 2764 886 2841 1,1,·
910 2764 999 2841 (11).
1043 2762 1236 2825 nihilominus
1265 2784 1305 2825 m.

151 2862 317 2925 Nouembri
337 2861 377 2923 ad
399 2880 473 2941 opus
498 2882 584 2923 suum
608 2864 884 2943 intermissumue
908 2860 1044 2923 Caesaris
1069 2864 1305 2941 expectationem

151 2960 242 3041 fallat,
261 2960 338 3023 redit
357 2970 388 3021 et
403 2960 493 3040 paulo
511 2969 578 3041 post
596 2968 722 3021 exeunte
744 2979 776 3021 eo
798 2978 874 3021 anno
892 2960 1032 3021 nuntium
1053 2966 1168 3023 eertum
1187 2964 1304 3041 opperi-

150 3067 210 3140 tur,
228 3056 274 3121 ‘ut
293 3078 393 3139 suane,
412 3058 471 3119 sibi
491 3058 612 3137 quidem
630 3066 664 3119 ut
682 3057 844 3137 uideretur,
865 3050 942 3131 ἔπος
961 3060 999 3119 ad
1017 3056 1187 3119 Caesarem’
1205 3060 1306 3121 mittat

151 3162 209 3232 (ed
229 3159 318 3237 asa:
333 3158 437 3234 1118,
450 3158 489 3231 3‚·
507 3158 536 3234 9,
553 3152 630 3242 612)
666 3156 821 3237 Reliquiae
844 3164 944 3217 tamen
968 3160 1033 3217 eius
1058 3160 1179 3221 omnino
1205 3156 1304 3221 nullae

150 3266 275 3335 exstant,
300 3256 461 3336 dubitoque
485 3276 558 3317 num
579 3259 613 3317 in
633 3255 788 3335 publicum
813 3258 953 3335 emiserit,
980 3256 1139 3317 deterritus
1159 3260 1304 3319 uarietate

150 3364 319 3435 temporum
342 3363 374 3417 et
394 3354 529 3415 Caesaris
553 3354 674 3433 iudicio,
697 3354 860 3435 eademque
884 3374 949 3415 sors
973 3354 1094 3415 uidetur
1117 3356 1209 3417 luisse
1233 3374 1303 3435 poe·

148 3458 239 3515 matis
263 3453 299 3515 de
322 3452 507 3533 temporibus
529 3456 602 3533 suis,
627 3472 685 3533 quo
705 3456 779 3513 item
801 3452 904 3515 eodem
924 3460 1058 3533 tempore
1076 3454 1158 3515 illius
1178 3456 1303 3533 gratiam

148 3562 314 3635 aucupatus
341 3560 413 3613 erat.
450 3572 518 3612 nam
547 3552 636 3613 huius
664 3570 790 3631 poeseos
817 3554 924 3613 notitia
950 3554 1048 3613 omnis
1076 3554 1139 3613 eius
1166 3552 1301 3631 epistulis

148 3652 321 3711 continetur
342 3650 473 3731 solisque
502 3650 637 3731 epistulis
662 3670 687 3711 a.
705 3644 835 3731 54t700
859 3650 893 3711 ad
920 3650 950 3721 Q.
976 3652 1099 3711 fratrem
1128 3650 1203 3711 datis
1237 3670 1301 3711 eer-

146 3758 248 3811 torum
270 3748 458 3829 quorundam
481 3748 615 3810 locurum
636 3752 887 3829 commemoratiu,
914 3752 1058 3829 poematis
1083 3748 1120 3809 ad
1144 3748 1300 3809 Caesarem

240 3953 265 4019 1)
288 3948 371 4014 Quod
393 3948 490 4003 Cicero
511 3948 638 4005 Attieum
661 3950 692 4019 (I
695 3952 723 4006 V
736 3954 779 4015 11,
794 3954 822 4021 2)
847 3968 941 4005 mense
969 3950 1050 4003 lunio
1073 3948 1191 4003 Lueeeio
1219 3968 1300 4005 suum

148 4030 275 4085 ‘librum'
297 4030 366 4085 dare
382 4028 471 4095 iubet,
492 4030 545 4085 hoe
561 4046 662 4101 poema
681 4030 767 4085 fuisse
786 4028 907 4087 uidetur.

238 4113 265 4181 ⁴2)
282 4108 414 4164 Forsitan
438 4112 536 4163 eodem
558 4110 636 4164 ioeus
659 4112 690 4165 in
717 4110 842 4181 epistula
866 4112 902 4165 ad
922 4108 1085 4165 Trebatium
1106 4110 1193 4165 letum
1211 4110 1300 4167 missa

147 4190 476 4263 (11.111,53)701,1Π
497 4195 576 4262 18,1)
600 4194 715 4261 spectet.
732 4222 764 4233 -
783 4192 863 4245 Haee
884 4190 941 4247 tria
964 4194 1097 4261 poemata
1122 4208 1138 4243 a
1162 4192 1298 4247 Γ1111111111

148 4274 329 4343 (Literuturp.
340 4288 372 4339 p.
387 4274 502 4341 31511.)
520 4274 598 4327 reete
621 4270 756 4325 distinete
778 4270 876 4327 Baiter
895 4274 949 4329 011.
965 4290 1007 4343 up.
1023 4272 1071 4327 IX
1086 4290 1115 4341 p.
1131 4276 1184 4327 130
1195 4288 1249 4343 sqq.
1270 4274 1299 4325 et

146 4352 266 4408 Mueller
282 4352 333 4408 IV
348 4356 366 4406 3
381 4370 410 4421 p.
426 4356 545 4423 398aqq.
564 4352 656 4407 denuo
675 4352 918 4409 commiscuerunt.
