3234 4950
683 362 710 413 L.
731 358 942 415 antevertus

587 526 622 599 O.
643 528 757 601 arui
783 526 1039 601 Pulceueer

370 688 627 749 enarrantem
650 692 789 751 enarer
815 690 976 750 oerurvn
1000 688 1260 747 nenanaurn

329 844 386 911 1³¹⁸.
411 850 498 909 Seru.
515 856 623 911 auctas
644 856 686 913 ed
706 854 791 927 Vere.
809 853 884 913 Aen.
899 850 920 909 I
935 850 1001 909 273
1023 850 1126 907 Ateius
1141 848 1253 907 adserit
1265 849 1388 907 Romam

237 954 304 1007 ante
330 947 488 1007 aduentum
514 948 645 1009 Euandri
668 950 718 1009 diu
738 949 900 1021 Valentiam
923 950 1090 1026 uocitatum,
1115 946 1167 1007 sed
1190 955 1258 1027 pest
1275 946 1387 1007 Graece

236 1048 354 1105 nomine
379 1044 490 1105 Romen
515 1048 680 1107 uocitatam.

452 1242 485 1315 O.
515 1242 697 1315 stertei
725 1242 916 1315 GALBAE
946 1240 1172 1315 HISTORIA
1238 1316 1243 1322 „

328 1416 358 1483 l.
386 1426 463 1483 ren
483 1424 569 1483 Rern.
589 1424 633 1483 17
659 1418 764 1483 ‘Enitar
788 1414 827 1483 di
848 1416 904 1481 uel
929 1420 1012 1499 [enm
1032 1426 1101 1495 stlte
1129 1422 1273 1499 Tarpeio]
1304 1420 1387 1500 Teo-

212 1522 334 1601 arrqtee
353 1516 531 1597 προδοσίας
551 1516 616 1581 ὑπὸ
632 1516 801 1599 Ῥωμύλου
822 1518 988 1599 διωχθείς,
1009 1516 1051 1591 ὡς
1070 1514 1177 1599 Ἰόβας
1199 1516 1281 1599 φησὶ
1302 1516 1387 1579 sea-

235 1618 299 1697 βαν
325 1618 531 1679 Σουλπίκιον
555 1618 708 1701 ἱστορεῖν.

328 1710 357 1777 2.
395 1716 476 1777 Ores
499 1718 630 1791 V23,6
660 1718 819 1795 Pompeius
842 1724 993 1777 contracto
1017 1716 1093 1795 apud
1116 1716 1278 1777 Palantianr
1302 1734 1385 1777 exer-

236 1816 294 1875 citu
321 1814 484 1875 Lauronem
511 1816 667 1895 ciuitatem,
689 1836 776 1897 qnam
795 1822 868 1875 tuae
888 1814 1037 1875 Sertorius
1058 1816 1253 1893 oppugnabat,
1276 1816 1387 1875 lrustra
1403 1846 1457 1909 ff

236 1920 357 1973 conatus
380 1912 536 1975 defendere
561 1918 658 1975 uictus
684 1914 804 1993 aufugit.
826 1948 868 1955 —
892 1914 983 1973 luisse
1008 1923 1079 1975 tune
1100 1914 1241 1993 Pompeio
1265 1916 1387 1993 triginta

198 2032 222 2069 re
235 2014 317 2071 milia
339 2012 483 2091 peditum,
509 2012 588 2073 mille
612 2014 726 2093 equites
755 2012 845 2073 Galba
868 2012 980 2090 scribit,
1002 2014 1166 2073 Sertorium
1187 2020 1283 2073 autern
1304 2032 1386 2073 sexa·

234 2114 315 2189 ginta
349 2111 428 2170 milia
462 2112 594 2191 peditum
624 2120 689 2173 octo
716 2112 797 2171 nrilia
831 2113 964 2189 equitum
999 2110 1138 2171 hahuisse
1166 2118 1386 2173 commemorat.

343 2424 381 2496 L.
408 2422 628 2498 aunensi
656 2423 913 2498 Hlsreurae
944 2424 1276 2500 enucleentur

328 2599 436 2666 l—i.
472 2607 576 2666 Seuer.
596 2609 678 2686 epr'st
699 2607 783 2666 XIX
803 2605 944 2679 eale),
960 2605 1003 2664 17
1033 2603 1113 2664 Haee
1136 2607 1209 2666 uitia
1230 2625 1310 2666 unus
1333 2605 1384 2664 ali-

235 2705 301 2782 quis
327 2703 448 2780 inducit,
473 2703 527 2762 suh
547 2723 604 2782 que
625 2711 696 2764 tunc
716 2705 885 2784 eloquentia
905 2711 960 2782 est,
981 2705 1074 2762 ceteri
1091 2705 1246 2764 imitantur
1264 2712 1293 2764 et
1313 2703 1386 2764 alter

197 2817 221 2858 rs
236 2801 321 2862 alteri
345 2801 472 2860 tradunt.
510 2803 551 2862 sic
578 2801 714 2862 Sallustio
737 2805 856 2882 uigente
882 2807 1037 2880 anputatae
1062 2803 1225 2863 sententiae
1245 2811 1274 2863 et
1291 2801 1387 2864 uerba

234 2909 300 2960 ante
332 2906 532 2978 exspectatum
562 2899 696 2960 cadentia
723 2909 753 2960 et
779 2901 906 2962 obseura
932 2901 1066 2960 breuitas
1092 2901 1176 2960 luere
1208 2921 1263 2978 pro
1292 2899 1384 2960 cultu.

326 3089 352 3162 1,
370 3095 393 3142 1.
414 3089 456 3156 Of.
472 3089 555 3146 Solia.
575 3097 630 3158 1,1
647 3095 690 3158 (ere
710 3097 820 3146 uertere
836 3091 941 3158 tenete)
957 3089 1027 3144 Sunt
1046 3089 1095 3160 qui
1114 3089 1206 3144 uideri
1218 3089 1312 3145 uelint
1328 3089 1384 3142 lto-

233 3179 295 3216 mee
320 3161 488 3214 uocabulum
514 3161 547 3216 ab
569 3161 700 3216 Euandro
722 3161 844 3230 primum
866 3161 975 3227 datum,
1002 3180 1065 3216 eum
1083 3161 1217 3232 oppidum
1236 3161 1278 3216 ibi
1296 3161 1384 3216 offen-

233 3233 331 3300 disset,
347 3233 420 3300 qued
436 3235 594 3286 extructum
607 3237 692 3288 antea
702 3233 863 3286 Valentiam
884 3233 993 3286 dixerat
1011 3235 1144 3288 iuuentus
1157 3233 1269 3302 Latina,
1288 3251 1383 3288 serna-

192 3363 194 3368 ,
233 3309 319 3374 taque
343 3305 548 3374 significatione
573 3305 689 3374 inpositi
712 3305 789 3374 prins
809 3303 940 3371 neminie,
962 3305 1082 3360 Romam
1100 3305 1207 3360 Graece
1219 3305 1383 3360 Valentiam

233 3377 414 3430 nominatam.
440 3393 524 3446 quam
539 3377 661 3432 Arcades
681 3377 816 3446 quoniam
833 3377 1012 3432 habitassent
1028 3377 1059 3431 in
1078 3377 1188 3432 excelsa
1205 3381 1285 3446 parte
1304 3395 1384 3430 mon-

233 3449 278 3516 tis,
298 3447 458 3500 deriuatum
477 3447 616 3518 deinceps,
638 3451 669 3502 ut
687 3447 832 3502 tutissima
847 3449 961 3501 urbium
979 3467 1058 3504 areos
1077 3451 1253 3504 uocarentur.
1283 3451 1384 3504 Festus

233 3539 254 3574 e.
265 3539 291 3576 a.
303 3521 393 3574 Rornae
407 3537 436 3588 p.
453 3523 509 3574 266
526 3519 667 3574 Historiae
683 3521 826 3574 Cumanae
839 3521 1010 3589 compositor
1023 3521 1248 3594 [Hypereeleaff]
1263 3520 1383 3574 Athenis

233 3593 371 3660 quosdam
391 3591 529 3660 profectos
549 3591 697 3660 Sicyonem
716 3592 916 3660 Thespiasque‚
937 3609 970 3644 ex
989 3593 1091 3662 quibus
1109 3609 1193 3662 porro
1216 3593 1383 3646 ciuitatibus

233 3665 270 3718 ob
293 3661 420 3732 inopiam
444 3661 649 3716 domiciliorum
672 3663 825 3734 compluris
846 3663 987 3731 prefectos
1009 3665 1037 3718 in
1058 3667 1166 3718 exteras
1184 3665 1315 3734 regiones
1333 3663 1381 3716 de-

232 3737 306 3790 latos
326 3733 354 3788 in
368 3733 480 3788 Italiam
500 3751 601 3800 eosque
620 3735 710 3788 multo
729 3751 822 3788 errore
835 3735 994 3790 nominatos
1009 3737 1176 3806 Aborigines
1193 3737 1254 3807 [ser.
1268 3733 1382 3788 Aberri-

232 3809 322 3876 gines,
341 3807 374 3872 ef.
392 3807 587 3878 Peul.p.19],
606 3825 723 3874 querum
749 3805 868 3860 subiecti
888 3806 937 3874 qui
959 3807 1066 3861 fuerint
1088 3809 1154 3862 Gaei
1177 3806 1298 3876 improbi
1318 3805 1381 3874 uiri,

231 3879 433 3944 unicarumque
453 3875 555 3932 uirium
575 3877 693 3946 imperio
713 3881 838 3932 montem
859 3877 1012 3946 Palatium,
1034 3879 1066 3932 in
1085 3898 1140 3948 quo
1158 3877 1381 3946 frequentissimi

233 3947 421 4016 consederint,
448 3949 636 4016 appellenisse
659 3967 675 4004 a
701 3949 807 4004 uiribus
833 3951 956 4018 regentis
974 3951 1150 4019 Valentiam,
1178 3951 1255 4019 qued
1278 3966 1382 4004 nemen

232 4023 356 4076 aduentu
371 4019 497 4072 Euandri
514 4023 678 4090 Aeneaeque
699 4023 727 4076 in
742 4021 855 4076 ltaliam
875 4038 940 4076 cum
957 4039 1062 4094 magna
1081 4023 1186 4076 Graece
1204 4023 1382 4090 loquentium

232 4093 313 4162 copia
333 4091 548 4160 interpretatum
568 4091 624 4146 diei
644 4097 774 4164 coeptum
790 4095 906 4148 Romen.

323 4271 355 4358 1,
384 4283 408 4338 1.
433 4279 540 4340 Ateius
559 4283 726 4340 Mesedee'ue
746 4281 857 4340 Adeius
876 4281 966 4340 Fare.

324 4361 356 4446 2,
385 4371 410 4426 7.
435 4373 570 4444 palentia
593 4369 804 4444 D(enenesele.)
898 4371 925 4428 8.
951 4373 1093 4430 sertorius
1112 4373 1145 4430 D
