3234 4950
582 382 630 435 DE
649 382 771 437 enata
790 384 924 439 Porrus
944 384 1086 439 ROMANI
1373 384 1410 445 13

295 544 460 611 praeferant
476 545 611 611 tempore,
637 562 705 613 quos
729 543 793 597 falli
819 546 956 601 existimo,
987 546 1034 599 sed
1061 546 1188 613 quolibet
1210 550 1336 613 tempore
1352 544 1412 599 nati

296 624 366 691 sint,
391 626 503 678 constat
520 624 594 677 inter
611 624 762 678 historicos
779 642 894 693 graues,
914 626 962 693 qui
981 628 1053 679 haec
1073 626 1190 693 antiqua
1210 626 1314 679 litteris
1332 642 1411 679 man-

296 704 438 757 dauerunt
447 704 542 757 ambos
553 706 681 757 homines
691 705 783 771 fuisse,
793 708 823 759 et
833 706 907 773 quod
918 706 1084 759 mortalibus
1097 706 1133 759 ad
1142 706 1227 759 istam,
1239 706 1328 757 uitam
1339 722 1411 757 conr-

295 784 406 837 modius
421 784 579 837 ducendam
593 785 729 838 beneficia
743 786 833 839 multa
848 784 1024 853 contulerint,
1040 788 1158 841 honores
1171 788 1206 841 ab
1223 788 1263 841 eis
1277 786 1412 839 meruisse

296 865 415 919 diuinos.
436 867 565 919 Minerua
580 882 645 919 uero
658 866 743 937 longe
760 868 806 919 his
827 868 975 937 antiquior.
1001 886 1067 919 nam
1081 868 1254 937 temporibus
1268 866 1362 935 Ogygi
1378 868 1413 919 ad

296 946 402 1013 laeum,
421 947 470 1013 qui
489 946 613 997 Tritonis
634 946 745 1012 dicitur,
766 947 900 1017 uirginali
920 948 1084 1015 apparuisse
1103 948 1193 1001 fertur
1211 948 1319 1013 aetate,
1337 946 1413 997 unde

296 1029 327 1079 et
343 1024 471 1079 Tritonia
490 1029 653 1095 nuncupata
673 1030 727 1093 est,
748 1028 898 1081 multorum
916 1044 983 1081 sane
1001 1046 1114 1097 operum
1129 1028 1270 1081 incentrix
1286 1030 1314 1079 et
1332 1028 1413 1079 tanto

295 1105 451 1174 procliuius
469 1106 524 1159 dea
541 1106 657 1172 eredit-a,
679 1111 783 1175 quanto
804 1108 897 1161 minus
917 1108 996 1177 origo
1016 1108 1076 1161 eius
1090 1108 1222 1161 innotuit.
1247 1108 1322 1175 quod
1337 1108 1411 1159 enim

295 1186 332 1239 de
350 1188 445 1255 capite
462 1186 537 1239 louis
551 1190 622 1240 nata
637 1189 756 1255 canitur,
772 1190 866 1255 poetis
883 1192 909 1241 et
924 1186 1036 1249 fabulis,
1054 1206 1109 1241 non
1124 1188 1259 1241 historiae
1273 1188 1412 1255 rebusque

221 1288 246 1325 ro
295 1268 385 1335 gestis
403 1270 449 1321 est
465 1265 674 1334 adplicanduur.
691 1300 723 1307 —
739 1268 794 1321 Sed
815 1270 942 1335 quolibet
963 1272 1089 1337 tempore
1115 1270 1212 1335 fuerit,
1238 1268 1293 1321 iarn
1318 1270 1413 1319 tamen

295 1348 425 1401 Minerua
448 1352 593 1415 tamquam
617 1348 669 1401 dea
694 1348 839 1401 colebatur
869 1352 1005 1417 regnante
1032 1348 1254 1403 Atheniensibus
1283 1348 1412 1417 Cecrope,

295 1428 348 1482 sub
377 1444 432 1495 quc
460 1444 526 1495 rege
555 1428 642 1481 etiam
667 1428 762 1497 ipsam
784 1430 833 1483 uel
861 1430 1049 1483 instauratam
1077 1430 1171 1483 ferunt
1197 1428 1243 1483 uel
1269 1428 1412 1481 conditam

295 1509 451 1561 cirritatem.

352 1590 422 1657 7²²³.
452 1600 579 1669 333331.
598 1600 639 1657 de
660 1602 719 1657 cta.
740 1600 768 1656 d.
786 1598 907 1657 XVIII
923 1598 944 1655 9
967 1596 1041 1657 Nam
1066 1606 1097 1657 ut
1117 1598 1247 1657 Athenae
1270 1614 1413 1655 uocaren-

220 1707 319 1771 151111,
342 1694 420 1771 quod
445 1703 525 1753 certe
549 1713 657 1753 331333
683 1694 855 1753 3111133333
881 1704 939 1773 est,
962 1714 1036 1773 quae
1064 1696 1175 1755 Graece
1193 1690 1317 1771 hanua
1340 1694 1412 1753 diei-

261 1803 323 1871 tur,
352 1792 428 1851 bane
460 1810 578 1851 causam
596 1792 690 1851 Varro
718 1792 843 1851 indicat:
877 1792 950 1853 Cum
980 1796 1167 1871 apparuisset
1198 1792 1258 1851 illio
1290 1800 1412 1871 repente

260 1891 355 1951 3111133
382 1892 519 1950 arboret
541 1890 597 1949 3113
623 1890 783 1971 13333333
811 1894 966 1969 erupisset,
992 1910 1093 1969 regern
1119 1892 1252 1969 prodigia
1273 1894 1330 1951 ista
1351 1910 1413 1951 133-

259 1999 378 2068 uerunt,
407 1998 438 2048 et
466 1990 549 2047 misit
579 1988 614 2047 ad
642 1990 808 2067 Apollinem
835 1990 1010 2067 Delphicum
1040 1992 1222 2049 sciscitatum
1229 2036 1237 2069 ,
1268 1988 1338 2065 quid
1369 1992 1412 2047 in-

260 2088 459 2167 tellegendum
489 2094 570 2147 essct
598 2086 709 2165 quidne
740 2086 916 2147 iaciendum.
955 2088 1005 2147 1113
1036 2088 1204 2167 respondit,
1239 2088 1317 2167 33311
1348 2088 1413 2147 3133

218 2206 245 2243 ro
260 2186 424 2245 Mineruam
454 2186 648 2264 signiticaret,
670 2186 752 2245 unda
773 2184 945 2263 Neptunum
974 2186 1106 2263 siquod
1136 2194 1215 2247 esset
1244 2188 1274 2245 in
1301 2188 1412 2246 3131313

258 2292 415 2363 potestate,
446 2304 480 2345 ex
511 2286 594 2343 cuius
623 2287 722 2363 potius
752 2286 872 2343 nomine
897 2284 1022 2345 duorum
1049 2284 1185 2363 deorum,
1209 2302 1337 2363 quorum
1364 2284 1413 2345 1113

259 2386 343 2461 signa
367 2392 474 2460 essent,
500 2384 605 2441 ciuitas
625 2391 791 2443 siccaretur.
818 2386 874 2443 isto
895 2382 1023 2461 Ceorops
1043 2386 1162 2445 oraculo
1185 2390 1307 2461 araoepto
1330 2386 1411 2443 31333

259 2501 361 2542 313333
385 2485 540 2558 utriusque
567 2501 654 2540 sexus
680 2477 759 2563 (mos
782 2485 863 2540 eninr
887 2489 958 2540 turre
983 2485 1014 2540 in
1038 2481 1151 2542 eisdem
1181 2483 1354 2560 1311133331,
1380 2491 1412 2540 31

259 2583 347 2640 retiam
371 2581 498 2642 13131333
521 2579 649 2658 publicis
673 2579 942 2640 consultationibus
964 2575 1161 2664 interessent)
1189 2581 1223 2640 ad
1256 2579 1412 2640 serendum

217 2695 243 2734 aa
259 2680 432 2756 suffragium
457 2681 642 2738 3333333311.
665 2679 801 2738 cornuta
821 2681 911 2756 igitur
932 2679 1122 2738 multitudine
1141 2699 1239 2740 mares
1259 2699 1313 2756 pro
1333 2677 1410 2756 Nep-

259 2786 343 2856 tuno,
372 2777 498 2838 feminae
525 2795 581 2854 pro
608 2777 744 2836 Minerua
771 2777 867 2838 tulere
896 2781 1073 2856 sententias,
1103 2787 1133 2838 et
1160 2781 1229 2856 qnia
1257 2795 1316 2836 una
1344 2777 1410 2856 plus

258 2879 381 2936 inuenta
403 2883 450 2936 est
476 2875 668 2954 laminarum,
692 2875 827 2936 Minerua
849 2879 932 2936 uicit.
955 2883 1026 2936 11133
1052 2875 1206 2954 Neptunus
1232 2879 1325 2936 iratus
1349 2895 1409 2936 rna-

258 2977 333 3034 rinis
346 2975 486 3034 Auctibus
508 2975 749 3032 exaestuantibus
767 2984 864 3032 terras
880 2975 1105 3034 ,Atheniensium
1121 2975 1277 3054 popillatns
1299 2981 1350 3032 est.
1369 3011 1409 3016 *w

258 3075 343 3132 cuius
365 3082 400 3132 111
421 3071 576 3132 iracundia
598 3071 775 3151 placaretur,
798 3073 911 3150 triplici
937 3073 1082 3152 supplicio
1108 3073 1179 3132 dicit
1202 3073 1281 3132 idem
1308 3081 1410 3132 3113131·

217 3173 292 3230 33311
317 3169 547 3231 Atheniensibus
573 3170 693 3230 31133133
716 3191 781 3230 3333
813 3171 960 3248 mulieres,
985 3179 1018 3230 31
1041 3171 1122 3230 nulla
1144 3172 1270 3231 ulterius
1296 3173 1408 3230 ferrent

258 3269 406 3349 suffragia,
428 3278 462 3330 31
485 3269 585 3328 331133
607 3272 794 3330 nascentium
820 3277 986 3330 maternum
1005 3287 1114 3330 331333
1135 3273 1291 3348 abriperet,
1316 3275 1349 3328 ut
1373 3289 1407 3328 33

257 3371 325 3446 quis
347 3387 398 3428 eas
420 3368 587 3428 Athenaeas
609 3375 740 3426 3333131.

348 3461 420 3529 ibt.
446 3469 575 3542 Innuet.
589 3469 629 3526 de
646 3471 706 3526 313.
721 3471 751 3528 d.
765 3468 886 3527 XVIII
900 3467 944 3526 10
966 3467 1045 3528 Haec
1061 3467 1151 3526 Varro
1172 3485 1231 3526 non
1253 3467 1356 3545 credit,
1372 3485 1407 3526 ne

258 3565 381 3626 deorum
403 3574 526 3626 naturae
550 3583 603 3624 sen
628 3565 762 3626 moribus
784 3565 888 3626 credat
910 3567 1086 3646 incongrua
1112 3573 1140 3626 et
1163 3573 1264 3626 133133
1283 3583 1342 3626 333
1368 3567 1407 3624 13-

216 3665 399 3742 3113133313,
423 3663 475 3724 scd
495 3663 666 3722 historicam
687 3665 833 3722 rationem
858 3665 893 3724 de
912 3665 1094 3724 Athenarum
1114 3663 1258 3724 uocabulo
1277 3663 1406 3724 reddens

255 3769 368 3822 tantam
396 3761 526 3842 Neptuni
550 3770 580 3820 et
601 3761 755 3822 Mineruae
781 3763 865 3822 litem
895 3765 956 3822 suis
986 3763 1093 3824 litteris
1121 3765 1236 3840 inserit,
1262 3761 1296 3820 de
1321 3765 1405 3822 euius

257 3863 377 3920 3313133
403 3864 504 3938 potius
530 3859 581 3918 illa
609 3863 715 3920 31111133
737 3869 906 3940 narraretur,
932 3871 963 3920 ut
988 3881 1055 3920 3313
1080 3861 1283 3938 prodigiorum
1310 3869 1406 3920 osten-

256 3961 367 4018 tatione
400 3959 628 4038 contenderent,
663 3961 744 4018 13131
776 3979 828 4020 333
860 3959 993 4020 iudicare
1025 3979 1081 4020 nec
1115 3959 1215 4038 Apollo
1255 3959 1406 4020 consultus

346 4139 388 4186 13.
406 4133 536 4202 Sequitur
553 4133 590 4196 fr.
604 4137 630 4184 5.

346 4205 543 4260 1313313133
560 4205 595 4268 fr.
611 4209 638 4256 6.
739 4205 776 4258 7¹².
796 4205 886 4274 Haec]
905 4205 1038 4268 antecedit
1057 4205 1091 4270 11.
1109 4211 1134 4256 8.

346 4377 394 4461 7²,
418 4385 468 4442 97.
493 4386 559 4440 tum.
583 4401 624 4454 aa
