3234 4950
518 356 549 411 T.
571 356 778 411 POMPONIVS
800 355 952 409 ATTICVS
1248 378 1311 423 m

159 526 342 611 copulauisse
357 524 485 585 uidetur.
510 544 577 585 nam
593 542 660 583 cum
674 524 783 603 Cicera,
801 542 858 603 qua
873 533 937 585 erat
950 524 1089 584 facilitate
1106 526 1226 603 ingenii,
1242 544 1309 583 cum

159 632 269 691 otiosus
294 632 382 701 esset,
404 642 459 701 per
483 626 579 683 omnia
605 622 769 683 litterarum
796 640 903 701 genera
927 629 1148 701 perungeretur,
1169 626 1309 683 materias

159 728 299 799 diuersas,
325 724 459 799 quamuis
484 728 569 779 antea
591 720 701 781 alienas
726 720 867 781 celeriter
887 729 1020 799 arreptas
1046 729 1109 779 arte
1133 720 1252 781 dicendi
1275 740 1309 781 se

158 824 273 905 egregie
297 826 425 879 tractare
450 828 478 879 et
503 818 649 879 illustrare
670 838 757 899 posse
782 818 953 897 confideret,
977 820 1031 879 bac
1057 820 1121 897 ipsa
1141 820 1255 881 uirtute
1279 827 1309 879 et

158 938 301 985 summam
323 920 368 977 sui
388 918 611 979 admirationem
631 926 764 979 moueret
787 927 817 979 et
834 918 967 979 studium
988 918 1153 977 litterarum
1173 920 1309 977 humaui·

157 1030 305 1097 talemque
321 1020 398 1077 inter
413 1020 496 1077 ciues
511 1016 597 1077 latius
620 1016 806 1097 diffunderet,
821 1016 936 1077 Atticus
954 1016 1114 1093 diligenter
1130 1018 1309 1095 curioseque

157 1124 188 1181 iu
206 1120 283 1195 ipsas
305 1134 352 1175 res
374 1116 541 1193 inquirebat
562 1132 656 1193 neque
678 1118 818 1175 minutias
836 1114 1006 1193 spernebat,
1025 1118 1052 1175 si
1070 1114 1108 1175 ad
1128 1134 1179 1175 eas
1194 1115 1309 1176 delatus

157 1224 226 1295 erat,
243 1214 360 1295 utquid
376 1232 480 1275 uerum
502 1220 585 1291 esset,
608 1214 780 1291 exploraret,
803 1214 940 1291 idemque
954 1214 1084 1291 amplum
1101 1215 1209 1273 artium
1231 1232 1309 1273 cam-

155 1334 224 1397 pum
242 1314 365 1373 scientia
381 1332 434 1373 sua
449 1320 477 1373 et
492 1310 601 1371 iudicio
618 1310 877 1391 complectebatur.
899 1314 1000 1391 itaque
1012 1312 1045 1371 in
1057 1310 1194 1373 omnihus
1207 1312 1308 1391 dispu-

156 1412 324 1491 tationibus,
344 1430 418 1489 quae
440 1410 474 1469 ad
495 1412 607 1469 litteras
626 1414 822 1489 pertinerent,
840 1412 921 1469 hunc
939 1412 990 1471 illo
1009 1410 1194 1489 ‘superiorem
1213 1412 1307 1471 luisse

156 1514 283 1592 adparet.
323 1508 514 1571 nibilominus
539 1508 714 1571 secundas
741 1528 845 1587 agere
872 1508 992 1589 solebat,
1010 1510 1042 1569 id
1062 1508 1139 1589 quod
1160 1528 1194 1571 eo
1212 1514 1308 1589 magis

156 1610 333 1673 laudandum
359 1614 410 1687 est,
436 1628 493 1687 quo
517 1610 635 1687 saepius
659 1628 726 1667 eum
752 1606 856 1667 Cicero
880 1608 1017 1669 omnibus
1041 1628 1167 1687 precum
1190 1611 1307 1687 generi·

154 1712 210 1771 bus
234 1706 375 1787 fatigabat
395 1726 557 1787 omnesque
578 1706 764 1769 difficultates
784 1708 937 1767 mimarios
956 1708 994 1767 ad
1012 1726 1079 1767 eum
1100 1708 1307 1769 transferebat.

155 1810 296 1869 nimirum
326 1824 396 1865 uera
422 1808 509 1865 amici
532 1804 724 1865 admiratione
748 1804 886 1885 impletus
908 1813 981 1885 erat,
1004 1824 1101 1883 neque
1120 1806 1220 1865 hercle
1239 1806 1306 1885 plns

136 1908 233 1967 ¹ualet
257 1904 292 1965 ad
317 1914 452 1965 nostrum
476 1904 511 1963 de
532 1904 675 1965 Cicerone
698 1904 843 1963 iudicium
869 1904 1121 1982 contormandum,
1144 1922 1235 1983 quam
1255 1903 1308 1965 illa

154 2006 242 2067 alttici
269 2006 409 2083 patientia
440 2010 468 2063 et
498 2002 667 2063 adsiduitas
710 2000 871 2063 accedebat
896 2002 976 2081 quod
1004 2006 1092 2063 etiam
1119 2002 1168 2062 hic
1190 2010 1225 2063 nt
1247 2002 1306 2063 illis

154 2102 336 2183 temporibus
368 2104 423 2163 arti
452 2100 569 2161 dicendi
596 2102 692 2179 ipsam
720 2120 822 2161 rerum
851 2102 1051 2177 cognitionem
1076 2102 1164 2179 longe
1186 2111 1306 2181 postpo-

155 2202 250 2263 nebat.
282 2204 383 2279 itaque
406 2204 462 2261 etsi
488 2220 574 2279 saepe
593 2200 636 2259 illi
660 2202 816 2261 materiam
834 2200 1067 2279 commendabat,
1091 2200 1128 2261 de
1151 2220 1208 2279 qna
1235 2204 1307 2261 seri·

153 2298 246 2381 beret,
264 2300 449 2377 habebatque
469 2318 535 2359 eum
558 2300 768 2375 obsequentem
789 2305 838 2359 aut
860 2300 1012 2359 scientiam
1032 2300 1096 2359 eius
1117 2299 1270 2379 supplebat
1278 2294 1305 2383 1)

154 2406 203 2459 aut
233 2398 429 2459 dubitationes
458 2402 520 2459 siue
550 2398 582 2457 de
608 2396 708 2457 uerbis
734 2400 798 2459 siue
822 2396 859 2457 de
882 2396 972 2457 rebus
997 2396 1130 2457 solnebat
1152 2396 1305 2478 librosque

154 2505 183 2558 et
206 2499 353 2556 orationes
379 2499 442 2558 eius
466 2497 648 2574 emendabat,
673 2505 705 2556 ut
724 2497 929 2556 Aristarchum
951 2497 1002 2556 hic
1025 2515 1094 2556 eum
1116 2495 1228 2556 diceret
1247 2499 1306 2571 (ud

153 2601 212 2658 Art.
234 2597 255 2656 I
273 2597 325 2670 14,
344 2595 366 2654 3
389 2597 642 2658 01080111101001
665 2599 683 2656 t.
700 2613 722 2656 s.
736 2613 768 2672 p.
784 2595 828 2656 34
841 2597 909 2672 sp),
933 2603 1032 2654 tamen
1057 2601 1084 2652 et
1110 2595 1247 2655 Ciceroni
1275 2604 1306 2656 et

154 2695 210 2754 sibi
239 2697 357 2754 omnino
386 2695 510 2754 inferior
539 2713 604 2754 esse
632 2691 798 2754 uidebatur.
834 2693 902 2754 Fuit
930 2695 979 2754 uir
1005 2711 1077 2754 uere
1104 2691 1251 2754 litteratus
1275 2703 1306 2754 et

152 2795 287 2854 curiosus
295 2787 329 2876 2),
355 2793 401 2852 cui
428 2793 546 2872 quidem
571 2791 668 2852 studio
693 2811 849 2852 seruorum
876 2793 1072 2852 btteratorum
1103 2791 1222 2853 cohorte
1247 2793 1303 2852 cir·

153 2891 309 2952 cumdatus
333 2889 516 2970 aliorumque
536 2891 702 2952 eruditione
724 2889 853 2951 libenter
871 2909 943 2952 usus
962 2911 997 2952 eo
1015 2892 1161 2952 intentius
1181 2909 1211 2952 se
1234 2889 1303 2952 dare

153 3087 336 3166 abhorrebat,
353 3089 410 3146 nisi
427 3107 462 3150 ne
485 3089 585 3150 amicis
605 3089 843 3168 periclitantibus
865 3087 989 3150 deesset.
1011 3107 1062 3148 res
1081 3096 1181 3148 autem
1198 3107 1303 3150 numa-

152 3191 212 3248 riae
236 3187 284 3246 uel
309 3189 401 3266 ipsius
427 3187 474 3248 uel
500 3189 660 3246 amicorum
686 3189 742 3246 etsi
764 3205 824 3246 non
847 3185 1091 3266 neglegebantur,
1116 3194 1214 3246 tamen
1239 3189 1303 3246 eius

152 3289 282 3346 autorum
308 3305 366 3344 uon
389 3293 610 3366 occupauerunt
638 3295 689 3346 aut
712 3303 729 3344 a
754 3285 886 3346 doctrina
913 3285 1211 3364 abstinueruntque
1238 3287 1302 3364 qui-

152 3383 217 3444 dem
248 3387 278 3444 in
311 3403 340 3444 re
373 3385 504 3462 iniquius
536 3385 570 3444 de
603 3405 636 3444 eo
667 3383 820 3444 Drumann
848 3382 1004 3462 iudicauit,
1028 3403 1097 3444 cum
1120 3384 1210 3444 uitam
1238 3385 1302 3444 eius

150 3483 258 3544 talibus
276 3483 402 3560 negotiis
422 3501 515 3562 paene
536 3501 651 3544 omnem
674 3485 819 3544 contineri
838 3483 958 3544 diceret.
989 3490 1089 3542 contra
1109 3483 1198 3542 nimis
1211 3483 1303 3542 Attici

240 3735 480 3802 1101001011
500 3741 541 3800 21,
559 3741 590 3788 67
616 3735 701 3790 Nunc
722 3753 787 3790 uero
812 3737 943 3804 perer-rium
964 3737 1032 3790 here
1052 3751 1102 3788 reos
1123 3737 1205 3792 etiem
1229 3743 1300 3791 trec·

149 3821 206 3870 ture
224 3819 369 3886 coepimus,
387 3817 573 3886 suppeditabit
590 3815 669 3870 uobis
689 3819 798 3872 Atticus
819 3821 910 3870 noser
929 3835 942 3870 e
959 3817 1095 3872 thesauris
1115 3817 1174 3870 suis
1191 3835 1257 3885 qecos
1274 3825 1302 3872 et

149 3903 264 3964 quantos
281 3899 373 3952 utres!

239 3979 264 4046 2)
287 3975 386 4044 Inique
413 3979 447 4032 de
472 3977 530 4032 eius
557 3975 676 4032 ueritate
699 3975 838 4032 iudicauit
862 3977 985 4032 Boissier
1007 3979 1072 4048 (Cic.
1088 3996 1117 4032 u.
1130 3995 1152 4032 e.
1169 3979 1300 4033 Fecunda

149 4073 176 4122 p.
193 4065 243 4112 143
262 4075 332 4112 uers.
349 4061 453 4128 germ).
485 4057 523 4114 ef.
545 4059 576 4110 ut
593 4075 681 4112 uuum
699 4059 773 4110 hunc
788 4059 881 4112 locum
895 4059 1096 4128 apponemini
1112 4059 1299 4126 1111111101

149 4137 207 4204 (ubi
232 4139 266 4192 de
285 4137 472 4208 Tyrannionis
500 4137 571 4192 libro
600 4139 633 4192 de
658 4139 814 4194 carentibus
836 4137 988 4208 loquium
1012 4142 1083 4194 Amo
1110 4141 1183 4194 euim
1203 4137 1299 4194 πάντα

149 4219 333 4288 φιλειδήμονα
358 4225 434 4286 teque
451 4221 533 4274 estem
554 4225 609 4272 tum
628 4223 732 4274 tenuem
746 4215 874 4286 denelae
890 4225 947 4272 tum
965 4221 1050 4274 uelde
1062 4221 1233 4274 0010001010-
1244 4238 1300 4274 esse

148 4299 259 4364 gaudeo.
290 4301 338 4354 etsi
359 4307 405 4354 tuo
428 4301 533 4370 qm'dem
553 4305 618 4354 soret
635 4299 693 4356 eius
711 4299 786 4354 orodi
806 4300 907 4354 0101110.
936 4303 1003 4356 scire
1016 4301 1089 4354 enim
1103 4301 1157 4366 ets,
1176 4317 1229 4368 quc
1242 4318 1299 4356 0110

149 4381 259 4434 cutheus
276 4383 372 4436 alitem.
