3234 4950
269 399 312 462 52
712 397 740 450 P.
759 393 974 450 VOLVMNIVS

270 557 383 628 οὖσαν.
422 555 465 642 ἧν
488 561 549 646 γάρ
573 561 609 624 εἰι
636 573 703 624 τῶν
724 557 925 642 Ἑλληνικῶν
951 559 1115 641 διάθεσις,
1145 561 1417 642 προπεμπόμενος

261 661 388 744 Ἕκτωρ
415 659 479 724 ὑπὸ
499 657 722 742 Ἀνδρομάχης
743 657 958 740 κομιζομένης
980 656 1054 741 παρ’
1084 657 1187 722 αὐτοῦ
1212 657 1248 720 τὸ
1272 657 1417 739 παιδίον,

270 759 383 842 ἐκείνῳ
415 759 449 822 δὲ
479 757 756 840 προσβλεπούσης.
797 765 901 820 ταῦτα
926 755 1102 838 θεωμένην
1128 757 1189 838 τὴν
1217 759 1369 838 Πορκίαν
1398 755 1417 838 ἡ

254 863 327 920 τοῦ
354 857 486 930 πάθους
504 855 602 918 είκὼν
622 853 767 936 ἐξέτηξεν
788 858 835 930 εἰς
853 853 993 936 δάκρυα·
1019 851 1073 918 καὶ
1091 854 1249 928 πολλάκις
1269 863 1417 936 φοιτῶσα

268 963 326 1038 τῖχς
355 953 476 1038 ἡμέρας
502 949 642 1018 ἔκλαιεν.
674 951 820 1018 Ἀκιλίου
850 951 889 1016 δέ
914 975 1004 1026 τινος
1032 963 1099 1015 τῶν
1127 955 1280 1035 Βρούτου
1307 953 1446 1034 φίλωνὸ

268 1055 307 1116 τά
332 1053 415 1136 πρὸς
429 1049 568 1138 Ἕκτορα
594 1059 650 1134 τῆς
670 1049 895 1134 Ἀνδρομάχης
917 1053 977 1134 ἔπη
1003 1053 1200 1124 διελθόντος

163 1167 247 1220 Ζσεε
338 1149 480 1236 Ἕκτορ,
503 1149 586 1234 ἀτάρ
611 1151 654 1212 σύ
676 1173 732 1230 μοι
756 1147 829 1212 ε’σσλ
852 1149 958 1233 πατὴρ
980 1147 1036 1213 καί
1058 1151 1177 1212 πότνια
1201 1149 1304 1232 μήτηρ

357 1245 417 1332 ἠδὲ
439 1251 647 1330 κασίγνητος,
671 1251 714 1310 σὺ
737 1247 778 1312 δέ
797 1271 853 1330 μοι
877 1247 1023 1331 θαλερὸς
1043 1245 1271 1330 παρακοίτης’,

266 1349 438 1430 μειδιάσας
464 1347 480 1410 ὁ
504 1351 655 1428 Βροῦτος
682 1343 783 1410 “Ἀλλ’
810 1347 871 1410 οὐκ
893 1345 967 1428 ε’μοί
986 1343 1031 1428 γ”
1058 1339 1128 1410 εἷπε
1148 1346 1246 1429 πρὸς
1267 1349 1417 1430 Πορκίαν

161 1453 245 1506 Ζ491
266 1443 372 1510 ἔπεισι
407 1445 509 1530 φάναι
540 1445 581 1508 τδι
611 1455 670 1508 τοῦ
690 1443 860 1524 Ἕκτοροςε
1433 1459 1459 1496 1⁰
1553 1480 1555 1483 ·

338 1539 456 1608 Ἵστόν
480 1539 505 1604 τ’
533 1543 706 1626 ἠλακάτην
722 1565 756 1606 τε
780 1539 835 1606 καὶ
857 1541 1078 1626 ἀμφιπόλοισι
1100 1541 1237 1608 κε’λενε’.

268 1643 417 1724 σώματος
440 1643 503 1726 γὰρ
530 1641 735 1706 ἀπολείπεται
767 1641 864 1724 φύσει
893 1651 961 1704 τῶν
988 1645 1072 1704 ἴσων
1095 1639 1415 1725 ἀνδραγαθημάτων,

267 1741 380 1824 γνώμη
407 1737 433 1806 δ’
461 1739 541 1824 ὑπὲρ
566 1749 622 1822 τῖγς
647 1739 814 1820 πατρίδος,
839 1741 948 1823 ὥσπερ
967 1737 1069 1820 ἡμεῖς,
1092 1737 1278 1824 ἀριστεύειῖ
1305 1743 1414 1802 Ταῦτα

266 1839 327 1922 μὲν
353 1837 369 1902 ὁ
395 1845 450 1920 τίχς
474 1841 621 1922 Πορκίας
646 1839 718 1914 υἱὸς
742 1837 894 1921 ἱστόρηκε
914 1839 1054 1920 Βύβλος.

704 2091 738 2162 P.
757 2090 975 2162 VOLVMNI

446 2251 724 2312 OONMENTARII
747 2253 799 2310 DE
827 2253 963 2312 PVGNA
985 2251 1243 2312 PHILIPPENSI

194 2389 243 2485 42-
357 2407 412 2477 lss.
439 2417 516 2475 Ρίαῖ.
536 2415 621 2475 Brut.
642 2413 684 2473 48
713 2407 771 2473 Ἐν
797 2407 906 2495 ἐκείνη
930 2407 967 2475 δὲ
989 2417 1030 2494 τῇ
1052 2405 1149 2473 νυκτὶ
1174 2409 1261 2489 [ante
1274 2431 1416 2491 puppam
1433 2431 1456 2473 ιε

195 2494 244 2543 712
267 2512 504 2591 Philippensem]
537 2510 639 2573 πάλιν
674 2506 779 2593 φασὶν
818 2512 862 2583 εἰς
896 2510 974 2586 ὅφιν
1013 2506 1128 2573 ἐλθεῖν
1157 2508 1196 2571 τὸ
1228 2509 1342 2591 φάσμα
1375 2514 1416 2596 τχῖ

266 2608 405 2695 Βρούτῳ
427 2606 481 2671 καὶ
507 2608 567 2689 τὴν
590 2608 695 2691 αὐτὴν
714 2605 963 2687 ἐπιδειξάμενον
985 2608 1067 2683 ὄψιν
1088 2606 1190 2671 οὐδὲν
1210 2608 1326 2690 εἰπεῖν,
1344 2604 1411 2671 ἀλλ’

267 2714 427 2789 οίχεσθαι.
466 2710 615 2783 Πόπλιος
641 2702 675 2771 δὲ
701 2706 916 2790 Βολούμνιος,
947 2706 1029 2789 ἀνὴρ
1050 2708 1236 2789 φιλόσοφος
1258 2702 1315 2769 καὶ
1336 2722 1415 2769 συν-

266 2804 521 2891 εστρατευμένος
551 2802 605 2869 ἀπ’
640 2804 740 2889 ἀρχῆς
770 2804 924 2891 Βρούτῳ,
959 2812 1059 2867 τοῦτο
1090 2800 1152 2887 μὲν
1186 2802 1225 2869 οὐ
1260 2800 1347 2883 λέγει
1379 2804 1416 2868 τὸ

265 2914 413 2987 σημεῖον,
452 2908 614 2985 μελισσῶν
653 2902 693 2967 δέ
722 2918 804 2987 φησι
840 2904 901 2967 τὸν
938 2914 1072 2985 πρῶτον
1107 2901 1204 2965 ἀετὸν
1242 2900 1414 2965 ἀνάπλεων
1430 2926 1456 2966 ω

265 3002 433 3085 γενέσθαι·
466 3000 520 3067 καὶ
542 3014 609 3067 τῶν
635 3002 818 3085 ταξιάρχων
839 3002 932 3077 τινὸς
956 2998 1010 3065 ἀπ’
1037 3002 1225 3081 αὐτομάτου
1255 3001 1315 3063 τὸν
1334 3004 1414 3084 βρα-

265 3102 358 3185 χίονα
383 3100 489 3183 μύρον
514 3100 650 3185 ῥόδινον
675 3098 830 3177 ἐξανθεῖν
851 3101 906 3163 καὶ
928 3100 1085 3175 πολλάκις
1104 3098 1336 3183 ἐξαλείφοντας
1359 3100 1414 3163 καὶ

265 3198 511 3279 ἀπομάττοντας
541 3196 645 3283 μηδὲν
677 3202 856 3283 περαίνειν.
902 3196 968 3262 Καὶ
1004 3198 1068 3280 πρὸ
1094 3208 1152 3281 τῆς
1180 3196 1284 3281 μάχης
1313 3196 1414 3279 αὐτῆς

265 3298 381 3373 ἀετούς
404 3298 465 3361 δύο
490 3300 716 3379 συμπεσόντας
746 3298 899 3379 ἀλληλοις
923 3294 960 3361 ἐν
983 3299 1161 3381 μεταιχμίῳ
1189 3306 1255 3359 τῶν
1276 3310 1412 3378 στρατο-

263 3394 374 3459 πέδων
393 3396 565 3479 μάχεσθαι.
593 3394 646 3461 καὶ
666 3396 765 3479 σιγὴν
783 3398 923 3459 ἄπιστον
943 3399 1029 3479 ἔχειν
1048 3396 1084 3459 τὸ
1100 3394 1217 3459 πεδίον
1232 3392 1412 3475 θεωμένων
1427 3418 1453 3459 ιε

265 3494 429 3575 ἀπάντων,
450 3488 529 3569 εἶξαι
550 3494 658 3559 δὲκαὶ
681 3504 802 3577 φυγεῖν
821 3496 881 3559 τὸν
897 3496 980 3559 κατὰ
1000 3496 1159 3577 Βροῦτον.
1192 3492 1208 3558 ὁ
1229 3488 1266 3557 δὲ
1278 3496 1412 3569 Αἰθίοψ

263 3594 458 3675 περιβόητος
484 3592 624 3675 γε’γονεν
650 3592 667 3657 ὁ
698 3602 756 3675 τῆς
780 3594 888 3675 πύλης
916 3592 1131 3675 ἀνοιχθείσης
1156 3590 1346 3673 ἀπαντήσας
1370 3598 1414 3679 τῷ

265 3688 401 3775 φέροντι
431 3692 488 3755 τὸν
516 3690 612 3757 ἀετὸν
640 3692 695 3757 καλ
722 3688 918 3767 κατακοπείς
947 3704 1018 3767 ταῖς
1046 3694 1219 3775 μαχαίραις
1247 3689 1312 3755 ὑπὸ
1343 3700 1411 3753 τῶν

265 3800 472 3871 στρατιωτῶν
497 3788 753 3873 οἰωνισαμένων.

351 4018 378 4071 1.
398 4018 562 4085 Auspicium
581 4018 739 4087 aquilarum
758 4026 890 4073 enarrant
908 4022 992 4075 etiam
1009 4018 1159 4087 Αρφίαακε
1183 4022 1205 4074 b.
1221 4020 1408 4087 c.1V123,1

263 4096 286 4145 εῖ
309 4090 381 4145 Cass.
397 4090 454 4145 Dio
474 4090 598 4143 XLVII
614 4096 657 4157 48,
673 4096 697 4143 4.

353 4232 379 4235 .-.
389 4228 504 4235 ...ιη-...ι-

356 4324 403 4381 13.
431 4318 588 4395 ἀριστεύσει
614 4324 693 4399 σταίη.

352 4404 384 4489 l,
410 4412 458 4469 18.
483 4410 680 4489 βουλούμνιος
703 4412 782 4471 codd.
803 4414 925 4485 quidam
