3234 4950
285 355 421 401 xxxxv]
538 334 585 385 DE
606 330 838 387 SCRIPTORVM
860 330 948 385 Viris
969 330 1014 385 ΕΤ
1035 332 1190 385 scalpris

287 510 405 578 uantur,
428 508 548 579 praeter
569 503 691 563 Aratum
716 509 744 563 et
769 502 965 579 Cleomenem,
988 502 1039 577 qui
1062 500 1163 579 semel,
1188 506 1290 561 contra
1314 498 1437 579 Nepotis

288 602 349 660 uiri
369 598 502 660 illustres
527 600 604 679 apud
626 618 694 661 eum
720 606 839 679 praeter
861 616 912 657 eos
935 606 1009 673 octo,
1036 598 1070 659 de
1092 596 1198 677 quibus
1220 596 1357 675 deinceps
1379 598 1437 659 dis·

284 696 408 775 putabo,
436 696 639 775 compluribus
670 698 742 757 locis
776 704 952 775 occurrunt3
981 700 1051 775 quin
1082 698 1168 757 etiarn
1202 694 1438 775 Themistoclem,

285 795 452 873 Aristidem,
469 796 645 874 Agesilaum,
663 794 897 873 Epaminondam
916 802 1063 873 tamquam
1086 794 1218 871 exempla
1236 794 1437 855 laudationum

287 892 466 955 Graecarum
484 896 549 971 ipse
568 902 724 955 enumerat
741 896 795 967 (de
813 898 890 953 orat.
912 892 970 951 III
983 892 1035 967 84,
1050 892 1138 967 341).
1169 894 1194 951 si
1215 894 1304 969 igitur
1321 892 1436 973 quando

284 990 381 1069 Nepos
395 992 475 1051 ultra
487 994 640 1051 notissima
654 994 775 1052 nomina
788 1008 925 1069 egressus
941 998 1012 1067 erat,
1023 992 1087 1069 ipse
1103 992 1244 1069 gloriatur
1254 992 1436 1069 Pelopidam·

285 1108 342 1167 que
358 1088 473 1149 inducit
493 1084 540 1149 ‘ut
555 1090 650 1167 magis
670 1090 817 1149 historicis
840 1106 926 1167 cpiam
944 1090 1034 1165 uulgo
1051 1084 1177 1167 notum',
1201 1092 1339 1169 quoniam
1358 1090 1435 1169 apud

284 1186 421 1247 rhetores
440 1186 583 1265 paulatim
602 1186 687 1247 laude
706 1186 926 1267 Epaminondae
945 1188 986 1245 ita
1005 1186 1179 1247 obscuratus
1202 1194 1273 1267 erat,
1295 1194 1329 1247 ut
1349 1190 1437 1251 ctiam

283 1287 315 1345 in
336 1284 436 1345 indice
459 1287 615 1345 nominum
633 1282 769 1345 Tulliano
794 1286 905 1345 lrustra
924 1294 1092 1363 quaeratur,
1111 1304 1177 1345 cum
1199 1278 1277 1365 apud
1300 1288 1436 1365 antiquos

193 1452 196 1458 ¹
284 1384 380 1443 locum
401 1402 489 1443 suum
506 1382 684 1445 obtinuisset
698 1384 752 1459 (cf.
768 1384 887 1459 anpelt
908 1382 1026 1453 Onnest.
1040 1386 1135 1459 hlopr.
1145 1402 1177 1459 p.
1190 1384 1256 1459 13).
1284 1384 1436 1443 Cimonem

188 1475 191 1478 ’
285 1489 394 1559 autem,
423 1480 560 1560 Dionem,
587 1480 768 1541 Phocionem
792 1480 895 1541 Cicero
924 1498 994 1541 casu
1023 1484 1214 1561 praeteriisse
1239 1482 1373 1561 uidetur,
1401 1482 1435 1541 ad

283 1580 460 1657 Iphicratem
485 1578 699 1657 Chabriamque
724 1578 820 1657 Nepos
848 1576 958 1639 Graeca
985 1580 1111 1639 lectione
1137 1578 1293 1659 deductus,
1320 1580 1356 1639 ad
1379 1580 1433 1639 Da-

286 1686 392 1739 tamem
409 1678 512 1737 Carem
536 1685 563 1735 et
583 1678 708 1736 fortasse
729 1678 763 1737 ad
779 1678 941 1737 Eumenem
958 1678 1134 1737 Gordianum
1155 1674 1320 1739 laudatione
1341 1678 1436 1759 aliqua

285 1774 397 1836 delatus
431 1794 505 1835 esse.
548 1774 622 1835 illud
660 1776 739 1869 epim
766 1774 882 1855 Lippelt
909 1776 942 1849 (l.
963 1796 985 1837 s.
998 1794 1033 1851 p.
1047 1778 1093 1835 37
1103 1780 1178 1853 sqq.)
1200 1784 1282 1837 recte
1305 1776 1435 1837 animad-

284 1876 376 1933 uertit
398 1874 479 1933 hunc
500 1892 561 1933 non
580 1894 614 1933 ea
637 1876 808 1933 curiositate
834 1874 934 1951 fuisse,
959 1882 991 1933 ut
1015 1872 1051 1933 ad
1068 1874 1187 1933 ultimos
1214 1876 1308 1933 sontes
1335 1892 1435 1933 ascen·

285 1972 369 2033 deret
386 2006 430 2015 *-
453 1974 497 2031 sic
524 1972 556 2030 in
583 1970 685 2031 multis
713 1972 785 2031 uitis
810 1970 915 2031 laudes
941 1970 1063 2031 bellicas
1090 1972 1237 2047 farragine
1261 1972 1435 2049 fabularum,

287 2090 361 2149 qnae
387 2070 427 2131 ad
451 2088 551 2131 mores
573 2070 703 2149 aliasque
732 2088 781 2129 res
803 2072 1000 2149 pertinerent,
1026 2088 1085 2129 non
1109 2068 1257 2129 obruisset
1282 2104 1322 2113 -
1349 2078 1434 2149 atque

290 2170 378 2227 etiam
399 2173 515 2245 partem
540 2184 683 2245 erronum,
707 2166 814 2245 quibus
841 2170 904 2227 eius
928 2170 1005 2229 uitae
1033 2174 1155 2247 scatent,
1177 2168 1330 2227 rhetorum
1355 2168 1434 2227 adhi-

284 2266 416 2327 bitorum
441 2266 493 2325 uel
518 2264 723 2342 neglegentiae
749 2266 799 2325 uel
826 2268 882 2325 arti
912 2266 1066 2345 studioque
1098 2266 1222 2345 augendi
1251 2266 1434 2345 ornandique

282 2364 474 2425 tribuendam
497 2382 571 2423 esse.

371 2462 436 2524 Alia
455 2470 502 2522 est
519 2464 663 2540 quaestio,
682 2470 826 2541 quatenus
843 2462 940 2542 Nepos
962 2462 1130 2524 auctoribus
1152 2464 1214 2522 suis
1235 2483 1265 2522 se
1287 2462 1433 2524 addixisse

281 2561 430 2622 uideatur.
468 2561 550 2638 atqui
569 2568 685 2621 certum
703 2570 749 2620 est
766 2563 865 2638 ipsum
885 2569 946 2620 arte
972 2563 1123 2622 materiam
1150 2561 1305 2640 colligendi
1326 2569 1355 2622 et
1374 2561 1432 2622 dis-

281 2658 412 2738 ponendi
433 2679 493 2719 non
507 2661 627 2718 omnino
642 2661 784 2736 caruisse,
803 2679 899 2738 neque
921 2663 998 2720 enim
1017 2661 1049 2722 in
1067 2661 1122 2720 hoc
1146 2677 1253 2738 genere
1269 2659 1357 2720 Attici
1372 2663 1434 2720 uita

283 2759 390 2818 ceteris
404 2759 532 2817 inferior
547 2756 682 2816 habenda
695 2767 748 2816 est.
773 2757 878 2834 quodsi
894 2759 986 2818 Leoni
996 2759 1033 2832 (l.
1044 2777 1064 2818 r.
1072 2777 1108 2834 p.
1118 2759 1270 2834 andepo.)
1288 2757 1434 2818 delectum

281 2859 417 2918 uirorum
440 2875 477 2916 ex
500 2873 590 2934 opere
616 2855 712 2934 aliquo
737 2849 811 2936 περὶ
837 2851 981 2930 ἐνδόξων
1004 2851 1138 2938 ἀνδρῶν
1162 2859 1192 2916 in
1218 2859 1348 2936 priorem
1371 2855 1432 2916 edi-

282 2957 392 3014 tionem
419 2953 609 3015 transtulisse
631 2955 758 3032 uidetur,
785 2973 839 3032 ego
861 2953 979 3032 quidem
998 2957 1042 3014 sic
1061 2957 1157 3014 sentio
1177 2973 1244 3014 eum
1265 2963 1294 3014 et
1313 2957 1432 3014 nomina

281 3053 417 3112 uirorum
446 3071 568 3112 suorum
597 3053 757 3112 illustrium
787 3061 815 3110 et
845 3053 949 3110 auxilia
981 3059 1131 3112 atrctorum
1162 3053 1343 3112 institutioni
1367 3053 1432 3110 rhe-

282 3159 388 3227 torum,
413 3149 557 3230 quaedam
579 3153 670 3211 etiam
692 3154 856 3210 amicorum
879 3149 1030 3210 doctrinae
1056 3149 1173 3230 dehere,
1196 3157 1259 3210 tum
1279 3169 1352 3212 nereo
1371 3171 1431 3210 mar-

282 3242 397 3310 teriam
412 3251 475 3308 sine
496 3248 621 3308 delatam
640 3251 704 3308 siue
725 3255 874 3326 acceptam
894 3251 992 3326 ipsum
1011 3267 1063 3308 suo
1084 3251 1203 3326 ingenio
1225 3251 1432 3326 conformasse,

281 3347 372 3426 idque
396 3347 449 3425 ita,
479 3353 511 3406 ut
539 3365 599 3406 non
626 3347 735 3424 puerili
761 3365 845 3406 more
872 3349 953 3432 uiros
980 3365 1048 3408 suos
1076 3347 1210 3406 laudaret
1234 3347 1286 3406 sed
1309 3353 1339 3406 et
1362 3349 1432 3406 uitis

282 3447 401 3524 scriptis
432 3447 547 3506 animos
572 3445 727 3506 hominum
755 3443 917 3506 delectaret
943 3453 973 3506 et
1000 3463 1102 3506 rerum
1129 3445 1273 3524 exemplis
1305 3445 1432 3506 lectores

284 3544 402 3603 doceret
426 3539 508 3602 ‘suos
536 3545 643 3620 uirique
671 3563 769 3602 mores
798 3543 973 3622 plerumque
1001 3543 1160 3602 conciliare
1183 3539 1348 3604 lortnnam'
1366 3545 1432 3618 (25,

283 3641 334 3716 19,
350 3645 394 3716 1).
411 3643 508 3720 quasi
525 3644 575 3700 oui
595 3649 694 3702 tamen
714 3649 806 3700 testas
825 3659 928 3700 secum
946 3643 1063 3702 trahere
1083 3639 1211 3700 uidetur.
1244 3659 1311 3702 nam
1332 3661 1432 3720 quam·

283 3759 372 3818 qnam
394 3757 504 3816 genere
528 3737 654 3814 dicendi,
679 3745 711 3798 ut
736 3761 751 3800 a
774 3739 958 3798 scholasticis
986 3739 1201 3798 laudationibus
1229 3739 1352 3816 diflerat,
1374 3743 1432 3800 uti-

281 3848 331 3898 tur
354 3831 482 3920 tcnuil),
504 3837 681 3896 ai‘tiliciosos
698 3839 861 3896 uerborum
880 3837 1006 3898 ambitus
1026 3839 1123 3896 uitans
1144 3845 1174 3896 et
1192 3839 1225 3898 in
1245 3839 1431 3898 enarratione

282 3955 382 3996 retum
411 3935 630 4012 simplicitatem
659 3935 806 4014 (larundam
834 3943 967 4014 raptaue,
997 3935 1075 3996 idem
1107 3945 1201 3996 tamen
1236 3939 1432 3996 institutionis

283 4053 354 4094 suae
381 4053 442 4095 non
469 4034 577 4094 oblitus
608 4042 636 4092 et
663 4035 733 4094 totis
759 4033 845 4094 libris
870 4035 1053 4112 singulisque
1076 4035 1147 4094 uitis
1171 4033 1299 4112 praelari
1322 4043 1353 4094 el
1374 4037 1432 4112 ipsi

377 4261 400 4328 1)
421 4259 584 4328 Nipperdey
599 4279 722 4328 pamm
733 4278 792 4328 sqq.
813 4261 841 4312 B.
855 4261 946 4328 Lupus
968 4261 1026 4314 Der
1041 4259 1279 4328 Sprnehpehronch
1294 4259 1339 4312 des
1356 4263 1380 4316 0.
1393 4261 1431 4314 N.

282 4361 310 4412 p.
326 4347 385 4394 tce.
413 4341 528 4394 Norden
548 4341 604 4394 Die
623 4343 712 4394 (rutile
738 4343 912 4408 liuueiprosa
930 4359 954 4410 p.
972 4347 1030 4394 ant.
