3234 4950
264 360 307 423 30
668 354 997 411 ooanacrnsrorrs

263 528 394 589 hominis
416 526 571 603 locupletis
596 533 624 585 et
648 524 763 603 nobilis,
787 528 837 585 rui
855 526 926 585 adeo
948 528 1003 585 suit
1023 522 1105 583 cordi
1125 534 1206 585 secta
1225 522 1413 609 Cynicorum,

264 632 298 685 ut
320 624 493 703 rehnquens
521 631 661 703 paternas
688 642 759 701 opes
783 624 911 683 Athenas
938 642 1006 683 cum
1029 642 1120 681 uxore
1145 628 1320 705 migrauerit
1342 628 1411 707 Ilip-

263 724 399 803 parchia,
424 725 492 801 pari
521 724 616 783 animo
642 724 728 781 istius
751 722 954 801 philosophiae
978 724 1147 803 sectatrice,
1170 744 1238 785 eum
1264 746 1321 807 qua
1344 744 1410 787 curu

266 822 463 881 concumbere
489 822 521 879 iu
548 820 667 897 publico
694 818 796 897 uellet,
826 828 858 879 ut
883 820 974 879 refert
997 820 1152 881 Cornelius
1174 822 1285 903 NepoS,
1312 832 1341 885 et
1364 824 1413 883 illa

265 919 431 979 occultandi
455 921 549 997 gratia
567 918 652 997 pallii
667 917 804 977 uelamen
827 918 994 999 obduceret,
1016 918 1171 979 uerberato
1192 930 1235 981 ost
1256 924 1441 983 emeritum

266 1017 349 1077 ‘Tuis
371 1018 510 1077 sensibus
533 1011 697 1095 nirnirum’,
720 1018 831 1095 inquit,
860 1012 976 1095 ‘parurn
1011 1015 1104 1077 adhuc
1135 1018 1217 1079 docta
1251 1040 1294 1099 es,
1332 1038 1413 1101 quae,

265 1116 344 1195 quod
368 1123 401 1177 te
427 1125 510 1175 recte
538 1116 635 1175 lacere
663 1116 792 1193 noueris,
817 1114 847 1173 id
871 1116 936 1173 aliis
960 1114 1166 1193 praesentibus
1193 1138 1332 1179 exercere
1355 1138 1414 1179 uon

266 1212 395 1275 audeas'.
1333 1280 1334 1283 Ἴ

355 1308 414 1376 ὃ*.
438 1315 520 1373 Suet.
535 1315 613 1389 Any.
630 1314 652 1371 7
654 1314 673 1371 7
696 1310 762 1371 Non
785 1312 911 1391 amplius
935 1320 981 1373 ter
1005 1312 1106 1373 bibere
1128 1332 1196 1375 euru
1217 1314 1411 1395 [Angustum]

265 1410 384 1473 solitum
413 1429 503 1491 super
532 1430 635 1471 cenam
663 1412 694 1467 in
723 1412 830 1471 castris
857 1411 934 1491 apud
963 1410 1104 1471 llutiuam
1134 1412 1287 1475 Cornelius
1317 1416 1413 1495 Nepos
1430 1436 1455 1475 ιο

264 1510 362 1571 tradit..

353 1604 413 1671 6³¹⁶.
441 1610 544 1683 Pomp,
563 1608 648 1667 Mela
665 1608 724 1667 HI
740 1608 772 1683 9,
791 1608 836 1667 90
858 1608 997 1667 Eudoxus
1018 1608 1138 1685 quidam
1157 1630 1280 1671 auorum
1299 1620 1413 1673 nostro·

265 1726 332 1767 rum
363 1705 547 1785 temporibus
581 1725 650 1765 cum
680 1704 842 1785 Lathyrum
873 1724 975 1785 regem
1009 1704 1202 1769 Alexandriae
1233 1710 1414 1789 profugeret,
1501 1746 1504 1749 -

264 1806 388 1865 Arabico
417 1806 485 1863 sinu
513 1824 652 1881 egressus
677 1823 733 1881 per
756 1806 811 1864 hoc
838 1804 1075 1881 [Aethiopicum]
1098 1806 1233 1887 pelagus,
1261 1816 1293 1867 ut
1317 1806 1413 1887 Nepos

266 1904 410 1983 adfirmat,
434 1902 532 1963 Gades
553 1922 650 1981 usque
671 1910 832 1981 peruectus
856 1912 910 1965 est.
990 1928 991 1931 ¹
1431 1928 1456 1967 n

356 1997 414 2063 7²¹⁶.
437 2004 539 2077 Pomp.
559 2002 642 2061 Mela
665 2003 723 2061 III
740 2004 771 2078 5,
789 2004 834 2061 44
865 2002 946 2061 Vltra
975 2002 1114 2081 Caspium
1148 2006 1245 2065 sinum
1275 2006 1413 2085 quidnam

266 2111 358 2178 esset,
386 2100 556 2178 ambiguum
587 2100 767 2179 aliquamdiu
793 2100 862 2179 luit,
891 2100 1009 2163 idemne
1034 2100 1168 2163 Oceanus
1199 2122 1233 2163 an
1260 2102 1346 2163 tellus
1370 2106 1414 2163 in-

265 2202 342 2260 festa
367 2198 541 2277 frigoribus,
570 2202 634 2259 sine
663 2198 776 2259 ambitu
803 2220 838 2259 ac
867 2202 930 2259 siue
957 2200 1014 2261 line
1038 2202 1176 2277 proiecta.
1217 2202 1269 2261 sed
1296 2210 1414 2281 praeter

264 2298 404 2379 physicos
426 2297 649 2375 Homerumque
675 2298 850 2357 uniuersum
879 2298 981 2357 orbem
1010 2300 1086 2357 mari
1109 2300 1325 2359 circumfusum
1348 2318 1414 2361 esse

267 2398 388 2457 disserit
416 2394 570 2455 Cornelius
594 2394 691 2476 Nepos
719 2402 752 2455 ut
775 2400 931 2476 recentior,
962 2398 1135 2457 auctoritate
1159 2400 1203 2457 sic
1227 2400 1347 2482 certior5
1372 2408 1413 2459 tc·
1430 2422 1456 2459 ao

266 2506 343 2557 stem
365 2504 465 2556 autem
488 2497 534 2554 rei
555 2495 590 2566 Q.
606 2494 756 2554 lletellum
777 2495 910 2556 Celerem
934 2497 1024 2556 adicit
1047 2515 1174 2576 eumque
1200 2499 1239 2556 ita
1264 2497 1414 2558 rettulisse
1517 2541 1519 2544 -

213 2623 246 2672 52
266 2601 489 2656 commemorat:
519 2613 588 2652 cum
611 2593 721 2654 Galliae
747 2613 801 2672 pro
828 2593 947 2656 consule
971 2601 1137 2674 praeesset,
1160 2593 1247 2656 Indos
1272 2597 1414 2674 quosdam

203 2697 283 2762 ho'na
305 2713 375 2771 rege
400 2695 541 2752 hetorum
564 2691 641 2752 douo
665 2691 722 2752 sihi
745 2692 843 2774 datos3
865 2693 945 2752 unde
970 2695 1000 2752 iu
1026 2711 1075 2752 eas
1099 2701 1195 2752 terras
1216 2693 1414 2772 decessissent,

266 2791 446 2872 requirendo
475 2809 616 2870 cognosse
645 2791 675 2848 ui
706 2793 926 2870 tempestatium
957 2811 991 2852 or
1021 2791 1129 2852 Indicis
1158 2793 1338 2872 aequoribus
1365 2793 1414 2854 ah·

266 2899 366 2970 reptos
395 2909 592 2968 emensosque
623 2907 699 2968 quae
726 2891 892 2950 intererant
918 2891 1036 2950 taudem
1065 2893 1096 2950 in
1126 2889 1299 2950 Germaniae
1329 2892 1414 2951 litora
1429 2913 1456 2952 es

266 3007 371 3050 emese.

354 3187 384 3244 4.
409 3191 511 3258 Tangit
524 3189 596 3242 bone
608 3189 799 3259 cynopennae
808 3189 984 3258 Augustinus
998 3191 1080 3244 attone
1094 3189 1126 3244 de
1141 3189 1214 3244 cinit.
1225 3191 1271 3244 det
1280 3189 1359 3244 XIV
1369 3193 1414 3244 20.

271 3261 332 3316 Vid.
347 3260 448 3316 Zeltene‘
467 3261 541 3314 Hesi.
555 3262 656 3328 pindos.
669 3277 710 3328 pr.
725 3259 763 3312 H
779 3259 809 3314 1⁴
824 3277 853 3328 p.
870 3265 932 3316 327.

354 3331 384 3386 d.
404 3334 431 3388 A
445 3333 599 3400 Pomponio
617 3333 697 3386 Meto
716 3331 824 3386 Corneli
843 3333 958 3400 Nepotis
975 3333 1164 3388 anctoritatem
1182 3335 1214 3386 tn
1231 3341 1288 3388 nect.
1303 3335 1364 3388 bist.
1381 3335 1415 3388 ΙΙ

266 3409 321 3460 169
345 3410 369 3458 et
392 3405 424 3458 e‘n
445 3405 599 3472 insequenti
614 3403 795 3472 paragrapho
816 3405 862 3472 (fr.
880 3409 907 3472 7)
927 3405 1040 3460 Plintns
1058 3411 1201 3458 anninotns
1220 3413 1266 3472 est,
1284 3413 1316 3460 nt
1335 3407 1415 3460 erran

266 3477 418 3532 Hannonis
446 3475 689 3544 Carthaginiensis,
719 3493 788 3544 qncn
813 3477 890 3544 epod
916 3483 1060 3546 utrumqne
1089 3475 1238 3530 antecedit:
1268 3475 1415 3532 Praeterea

266 3547 378 3616 Nepos
408 3545 588 3600 Cornelius
615 3549 715 3600 auctor
739 3550 784 3598 est
810 3545 958 3600 Eudoxum
980 3547 1120 3616 quendam
1146 3565 1196 3600 sua
1220 3551 1328 3616 aetate,
1352 3565 1414 3602 cum

266 3619 421 3688 Lathyrum
443 3635 539 3688 regem
565 3619 689 3688 fugeret,
715 3617 836 3670 Arabico
864 3619 925 3670 sinu
957 3635 1098 3688 egressum
1126 3619 1218 3672 Gades
1242 3637 1331 3688 usque
1352 3637 1414 3688 per·

266 3695 385 3742 uectum.
410 3691 480 3742 Tam
492 3691 649 3744 ndoaeetttnr
659 3689 732 3742 Coeli
740 3691 807 3742 Ant.
813 3691 850 3754 fr.
858 3693 940 3744 56.—
952 3693 1040 3746 Plura
1055 3691 1088 3744 de
1101 3691 1153 3746 boc
1162 3691 1279 3746 Eudemi
1290 3691 1415 3762 Opateeni

265 3763 445 3832 nominatione
465 3763 542 3829 opnd
559 3763 720 3816 Strabonem
735 3763 777 3814 H
790 3764 816 3826 3,
832 3765 848 3814 4
863 3779 893 3828 p.
909 3767 946 3814 98
957 3781 1009 3832 sqq.

358 3833 385 3886 l.
410 3835 459 3886 En
482 3835 560 3886 Mela
584 3835 700 3886 Plinn.
716 3835 740 3886 b.
755 3833 795 3886 ΙΙ
810 3837 863 3886 170
892 3835 968 3886 ldem
995 3835 1107 3902 Nepos
1138 3835 1171 3886 de
1201 3833 1414 3904 septentrionali

266 3905 384 3958 circuitu
404 3903 493 3958 tradit
512 3903 543 3969 Q.
557 3904 672 3958 Metello
691 3903 782 3958 Celeri
796 3903 896 3958 Afrani
914 3905 942 3958 in
964 3905 1110 3960 consulatu
1128 3906 1263 3976 conlegae
1280 3905 1413 3978 [60t69l]

356 4111 384 4168 2.
410 4111 438 4168 3.
466 4109 649 4186 Hipparcide
665 4111 715 4168 net
732 4109 934 4186 Hipparchide
956 4111 1031 4170 editt.
1054 4111 1240 4186 Hipparchia
1263 4111 1414 4186 Woelfflin

266 4201 328 4260 coll.
348 4201 448 4258 Loert
469 4201 553 4272 Dion,
578 4203 604 4266 6,
623 4201 652 4268 5,
668 4199 695 4256 5.
713 4203 732 4257 7

357 4283 391 4366 7,
417 4293 468 4348 20.
491 4291 611 4348 disserit
631 4291 820 4348 Wocbsrnntb
845 4309 891 4362 ap.
909 4291 1071 4348 Frictione.
1096 4289 1235 4348 dixerunt
1261 4291 1321 4348 cod.
1353 4289 1414 4348 Ho-

265 4399 448 4456 merumque,
469 4381 522 4454 qui
536 4411 578 4420 -
594 4379 731 4436 diremerat
748 4381 828 4452 ‘nnio
906 4381 956 4438 24.
979 4381 1096 4438 indiciis
1116 4373 1191 4438 cod.1
1215 4381 1321 4438 iudicis
1341 4371 1415 4438 cod.2
