3234 4950
229 369 292 432 126
671 363 776 416 ulan
794 363 929 418 11111111

225 531 429 610 [gladiatorem
453 533 484 592 in
511 531 673 610 spoliario]
711 533 815 592 eraudi
841 531 960 592 Caesar:
984 531 1113 590 carnifex
1132 549 1211 590 unco
1230 531 1372 588 trahatur.

225 633 354 690 carnifex
375 637 494 690 senatus
514 649 598 690 mere
617 633 761 690 maiorum
782 649 858 690 uueo
876 629 1019 690 trahatur.
1060 631 1179 690 saeuior
1197 629 1372 705 Domitiano,

224 731 368 808 impurior
391 729 516 790 Nerone.
556 731 598 788 sie
626 729 708 806 lecit,
738 729 782 788 sic
808 730 945 808 patiatur.
984 731 1145 788 memoriae
1169 729 1370 786 innocentium

224 835 394 906 seruentur,
432 827 558 888 honores
592 829 795 888 innocentium
829 831 981 906 restituas,
1014 844 1161 904 rogamus.
1207 825 1372 906 parricidae

223 927 350 986 cadauer
376 945 452 986 nuce
483 925 628 1002 trahatur,
654 925 823 1002 gladiatoris
849 927 976 984 cadauer
996 943 1073 986 unco
1098 925 1239 1001 trahatur,
1263 921 1371 1002 gladia·
1402 946 1412 983 a

223 1027 297 1084 toris
320 1025 446 1084 cadauer
472 1029 502 1084 in
527 1023 667 1102 spoliario
689 1031 824 1102 ponatur.
861 1041 994 1102 parrega,
1019 1041 1154 1104 parrega,
1176 1041 1281 1082 omues
1304 1041 1372 1080 cen·

223 1141 321 1182 semus
351 1143 427 1184 nuce
455 1123 640 1182 trahendum.
680 1125 731 1200 spui
759 1141 862 1182 omues
889 1123 1010 1200 occidit,
1039 1141 1115 1182 unce
1140 1121 1284 1182 trahatur.
1321 1121 1372 1198 qui

223 1239 339 1282 (inruere
366 1227 491 1282 aetatem
515 1221 631 1298 occidit,
657 1239 733 1282 unce
756 1221 899 1281 trahatur.
936 1223 989 1300 qui
1010 1228 1172 1297 utrumqne
1195 1239 1298 1280 serum
1323 1237 1370 1278 oc-

222 1319 302 1398 cidit,
325 1339 402 1380 unco
428 1321 568 1380 trahatur.
608 1323 658 1398 qui
682 1323 818 1398 sanguini
843 1339 896 1380 sno
921 1337 980 1380 non
1002 1322 1151 1398 pepercit,
1173 1337 1250 1378 nuce
1275 1317 1370 1376 traha·

221 1427 278 1478 tur.
317 1421 368 1496 qui
391 1419 500 1498 templa
525 1419 676 1498 spoliauit,
698 1437 776 1478 uuee
800 1419 941 1478 trahatur.
978 1421 1028 1498 qui
1050 1425 1228 1478 testamenta
1251 1415 1370 1493 deleuit,
1386 1439 1412 1476 1o

221 1535 298 1576 unco
321 1517 463 1578 trahatur.
502 1519 553 1596 qui
575 1521 664 1578 uiues
691 1515 845 1596 spoliauit,
867 1535 943 1578 unco
970 1519 1112 1578 trahatur.
1151 1517 1247 1576 seruis
1277 1516 1370 1576 serni-

222 1617 307 1676 imus
345 1617 396 1692 qui
426 1617 519 1692 pretia
549 1617 628 1676 uitae
658 1617 765 1694 eregit,
795 1633 871 1674 nuce
900 1615 1043 1674 trahatur.
1085 1617 1136 1693 qui
1167 1617 1261 1692 pretia
1292 1617 1370 1672 uitae

222 1715 318 1792 eregit
342 1711 485 1774 attidem
507 1731 565 1774 non
591 1717 732 1792 seruauit,
753 1732 831 1774 unce
856 1715 998 1774 trahatur.
1033 1716 1084 1792 qui
1108 1719 1243 1772 senatum
1266 1711 1370 1772 uendi-

222 1811 276 1890 dit,
302 1829 377 1872 enee
406 1811 549 1872 trahatur.
582 1813 632 1890 qui
662 1812 730 1873 filiis
754 1811 875 1872 abstulit
897 1813 1103 1890 hereditatem,
1125 1829 1204 1870 unco
1228 1811 1370 1870 trahatur.

220 1909 334 1970 iudices
365 1909 397 1970 de
424 1917 536 1986 senatu,
561 1909 705 1970 delatores
732 1909 766 1968 de
792 1917 905 1990 senatu,
924 1929 1080 1970 seruorum
1101 1909 1310 1969 subornatores
1335 1909 1370 1968 de
1385 1932 1411 1969 15

222 2017 332 2070 senatu.
366 2017 393 2068 et
409 2017 440 2070 tu
453 2009 610 2070 nobiseum
624 2011 759 2088 timuisti,
775 2013 872 2070 emnia
887 2011 956 2088 scie,
978 2019 1005 2070 et
1024 2008 1118 2069 bonos
1132 2016 1164 2068 et
1176 2007 1268 2068 malos
1284 2010 1369 2068 nesti.

221 2109 318 2166 emnia
338 2109 404 2184 scie,
427 2109 523 2166 emnia
550 2107 682 2186 eruenda,
704 2127 757 2188 pre
784 2117 812 2168 te
835 2111 996 2168 timuimus,
1026 2127 1115 2168 onos
1134 2107 1238 2166 felices
1257 2115 1286 2166 te
1303 2109 1369 2166 nise

221 2207 393 2284 imperante.
427 2205 459 2264 de
480 2207 627 2284 parricida
646 2207 734 2284 reler,
749 2207 836 2284 reler,
845 2223 994 2284 parrega,
1008 2224 1142 2286 parrega.
1171 2209 1368 2284 praesentiam

222 2309 301 2362 tuam
329 2321 476 2382 regemne.
513 2305 689 2364 lnueceutes
720 2307 827 2382 sepulti
852 2323 911 2364 uon
938 2313 1020 2364 sunt:
1049 2303 1215 2382 parricidae
1242 2304 1370 2365 cadauer

220 2403 363 2462 trahatur.
400 2403 549 2483 parricida
573 2403 703 2483 sepultos
731 2403 1007 2483 eruit1parricidae
1035 2403 1162 2462 cadauer
1182 2399 1338 2462 trahatur'.
1384 2425 1411 2462 so

309 2500 345 2559 Et
375 2520 440 2561 cum
470 2506 553 2563 iussu
576 2502 741 2563 Pertinacis
769 2502 872 2563 Liuius
896 2502 1049 2580 Lamnus,
1075 2510 1250 2581 procurator
1279 2504 1368 2581 patri-

220 2602 320 2677 monii,
345 2598 434 2659 Fabie
459 2600 573 2659 Chiloni
600 2602 713 2661 consuli
740 2600 890 2679 designato
913 2600 1051 2679 dedisset,
1073 2608 1262 2679 pernoctem
1285 2600 1368 2659 Cem-

219 2698 300 2757 modi
332 2698 458 2759 cadauer
493 2698 638 2777 sepultum
675 2708 727 2761 est.
770 2708 889 2761 senatus
923 2698 1111 2759 adclamauit:
1142 2696 1218 2767 ‘Quo
1247 2707 1368 2759 auctore

220 2794 425 2875 sepelierunt?
456 2796 604 2875 parricida
629 2798 762 2877 sepultus
789 2806 918 2877 eruatur,
940 2794 1096 2857 trahatur'.
1133 2796 1253 2857 Cincius
1279 2796 1368 2858 Seue·

220 2914 270 2953 rus
298 2894 382 2955 dixit:
408 2892 530 2955 ‘Iniuste
557 2896 688 2975 sepultus
714 2904 765 2957 est.
801 2914 859 2976 qua
880 2896 1012 2975 pontifex
1039 2896 1112 2975 dieo,
1135 2896 1191 2955 hee
1212 2896 1367 2973 collegium
1382 2919 1408 2957 11

219 2994 392 3073 pontificum
424 2992 502 3053 dicit.
541 2998 679 3073 queniam
706 2994 781 3055 laeta
814 2998 873 3055 iam
900 2996 1073 3073 percensui,
1102 3013 1181 3055 nuuc
1211 3003 1369 3055 conuertar

219 3090 256 3151 ad
279 3094 454 3151 necessarie.
495 3112 610 3173 censeo,
634 3112 706 3171 quas
732 3094 755 3151 is
781 3095 831 3173 qui
856 3112 916 3153 non
937 3094 997 3153 nisi
1016 3092 1053 3153 ad
1070 3094 1236 3171 perniciem
1254 3094 1367 3151 ciuium

220 3196 252 3273 et
273 3190 310 3249 ad
333 3190 460 3251 dedecus
483 3210 568 3251 suum
587 3192 672 3269 uixit,
695 3190 733 3251 eh
754 3190 899 3277 honorem
924 3210 1009 3251 sumn
1030 3190 1151 3251 decerni
1170 3192 1275 3269 coegit,
1299 3190 1367 3251 abo·

218 3286 321 3347 leudes
350 3294 469 3367 statuae,
500 3306 572 3367 quae
601 3288 732 3367 nudique
761 3298 830 3349 snut
855 3290 1027 3367 abolendae,
1055 3308 1223 3367 nomenque
1246 3308 1282 3349 ex
1305 3306 1367 3349 em-

219 3384 307 3445 nihus
343 3388 468 3463 priuatis
506 3386 692 3465 publicisque
731 3393 930 3449 monumentis
968 3388 1148 3449 eradendum
1188 3406 1366 3469 mensesque
1380 3412 1408 3449 ee

219 3484 265 3541 his
293 3484 462 3543 nominibus
492 3484 703 3565 nuncupandos
734 3486 841 3565 quibus
864 3488 1121 3566 nuncupabantur,
1145 3506 1212 3547 cnm
1236 3490 1365 3565 primum

218 3580 291 3641 illud
315 3580 425 3643 malum
448 3584 478 3641 iu
504 3602 534 3643 re
558 3584 677 3661 publica
699 3580 860 3645 incubuit'.

311 3750 335 3801 1.
362 3746 559 3821 gladiatorem
579 3748 613 3805 in
635 3748 689 3821 spl.
708 3750 792 3805 uncis
810 3749 917 3807 inclusi
1011 3754 1061 3807 17.
1083 3754 1114 3807 te
1136 3748 1202 3805 niro
1224 3750 1250 3808 P
1270 3751 1312 3807 sic
1336 3754 1365 3807 to

218 3852 289 3891 nere
312 3838 348 3907 fr.
369 3834 473 3893 Ocreae..
499 3840 526 3893 te
556 3836 625 3895 uiue
648 3836 772 3895 Ooeutth.
803 3841 832 3895 te
861 3839 947 3907 uiue,
976 3843 1004 3895 te
1033 3841 1198 3913 imperante
1224 3838 1364 3911 Eesecrtb.

217 3926 248 3981 te
271 3924 334 3981 niso
360 3924 528 3997 Hirschfeld
610 3926 656 3985 18.
678 3946 803 4003 parrega
820 3931 933 3985 111111
1009 3932 1061 3985 21.
1083 3928 1223 3987 Larensis
1246 3930 1366 3985 Dessuu

218 4012 336 4087 Preeep.
352 4014 392 4069 II
408 4032 440 4087 p.
460 4016 525 4071 290
550 4016 692 4073 lanreueis
710 4018 740 4075 P
818 4020 869 4075 24.
891 4022 1028 4075 seruatur
1047 4018 1074 4075 P
1153 4018 1277 4095 Cingins
1296 4018 1323 4075 P

220 4102 269 4159 25.
302 4096 375 4181 qua]
390 4120 430 4161 11
453 4102 553 4177 qued?
668 4108 715 4165 26.
741 4108 853 4165 laetam
870 4108 898 4164 P
923 4108 1002 4165 laet-a
1024 4108 1256 4165 iam‘Bueltrerts
1285 4108 1364 4165 leuia

218 4192 324 4249 Nouello
346 4192 433 4267 Lietp
452 4194 536 4251 1884
552 4198 665 4267 1196
757 4198 797 4253 27
802 4242 807 4255 .
831 4216 905 4270 quas
929 4190 969 4275 is]
987 4196 1076 4255 Sulca.
1104 4216 1179 4273 quae
1200 4200 1229 4255 is
1250 4198 1280 4255 P

220 4282 269 4339 32.
300 4282 403 4355 Ipsum
432 4282 507 4355 qued
534 4286 615 4355 1111
636 4284 772 4345 Martum
792 4288 959 4345 Maximum
988 4290 1106 4345 senatus
1132 4288 1297 4345 conscilium
1319 4290 1365 4345 in·

219 4374 346 4437 irroraret.
372 4372 463 4429 toedio
489 4372 667 4433 describendi
690 4380 838 4447 correptus
861 4378 957 4435 oncant
980 4378 1175 4449 Lampridius
