3234 4950
590 294 790 347 CORNELIVS
811 294 927 347 NEPOS
1285 314 1332 358 LV

190 470 293 535 debere
318 464 437 525 uldetur
460 464 703 539 (Reifferscheid
726 464 1100 539 (10000180010424).
1139 463 1244 521 notitia
1267 462 1331 519 eins

187 568 254 631 libri
283 562 397 623 dnobus
424 562 606 639 fragmentis7
636 562 691 621 hoc
715 560 845 621 Gelliano
875 568 903 621 et
927 560 1019 619 altero
1041 560 1213 637 Hieronymi
1238 560 1331 617 conti·
1410 563 1416 572 ’

187 674 280 731 netur.
319 660 458 721 Eiusdem
481 658 634 719 Ciceronis
656 662 819 719 memoriae
841 668 871 719 et
895 658 981 719 editis
1007 660 1071 719 eius
1093 658 1230 737 epistulis
1255 658 1330 716 suis·

187 782 242 845 que
271 760 382 837 aliquot
409 758 445 817 ad
472 776 539 817 eum
571 758 693 817 adiectis
725 758 875 819 consuluit
906 764 937 817 et
969 756 1128 835 descriptis
1157 776 1210 815 sua
1241 774 1331 815 manu

185 860 269 923 libris
291 856 467 935 quibusdam
491 860 564 935 eiuS,
589 860 639 935 qui
661 856 728 917 ideo
754 856 909 917 Frontonis
935 863 1028 915 aetate
1053 852 1257 935 ‘pretiosiores
1278 854 1330 912 ha·

186 950 346 1021 hebentur⁷
369 958 416 1031 (p.
437 956 479 1015 20
500 956 598 1029 Nola).

271 1052 376 1113 Restat
392 1060 423 1113 ut
444 1056 602 1115 uirorum
623 1054 824 1113 illustrium
841 1070 951 1129 genera
967 1070 1023 1131 per
1041 1052 1134 1113 libros
1153 1052 1329 1131 digeramus,

185 1156 234 1235 qui
268 1152 387 1231 quidem
419 1152 549 1211 sedecim
583 1154 737 1211 minimum
771 1152 891 1212 luerunt
923 1154 981 1228 (fr.
1002 1152 1046 1223 3).
1091 1152 1182 1211 tertio
1213 1150 1329 1211 decimo

184 1252 339 1315 historicos
368 1250 487 1309 Latinos
517 1256 655 1309 tractatos
686 1268 751 1309 esse
775 1248 887 1309 Gellius
913 1257 1040 1309 testator
1065 1250 1123 1325 (fr.
1138 1250 1204 1326 14),
1232 1267 1329 1326 neque

184 1360 280 1413 tamen
313 1348 367 1409 hoo
397 1368 463 1409 cum
490 1348 606 1427 uulgari
635 1350 772 1427 opinione
805 1349 947 1425 concinit,
979 1367 1036 1426 qua
1066 1346 1171 1407 Graeci
1198 1349 1329 1427 priorem

183 1450 278 1511 lorum
307 1446 470 1507 obtinuisse
499 1454 650 1525 putantur,
680 1448 738 1505 nisi
771 1464 913 1505 numerus
947 1454 1105 1523 corruptus
1134 1454 1180 1505 est
1206 1454 1269 1522 aut,
1297 1444 1328 1505 id

184 1544 260 1627 quod
286 1544 360 1603 mihi
390 1544 571 1625 probabilius
598 1552 655 1623 est,
685 1544 781 1623 Nepos
806 1544 946 1605 Varronis
972 1546 1136 1623 imaginum
1159 1544 1328 1622 exemplum

183 1650 299 1707 secutus
325 1646 419 1721 primo
444 1646 498 1703 toti
522 1644 604 1721 operi
628 1644 775 1721 praelatus
806 1637 891 1727 est.)
936 1642 1040 1703 deindo
1065 1644 1121 1703 hoo
1144 1662 1205 1703 non
1228 1644 1327 1702 minus

183 1750 295 1805 constet
323 1760 407 1821 reges
437 1750 504 1803 ante
533 1742 624 1803 duces
649 1744 762 1821 positos
789 1742 891 1801 luisse.
929 1742 995 1801 illos
1022 1744 1102 1801 enim
1126 1742 1272 1817 significat
1296 1743 1327 1799 in

152 1876 153 1879 =
181 1844 281 1901 Dionis
305 1842 367 1901 uita
388 1842 430 1917 (9,
447 1844 479 1915 5)
502 1860 609 1919 eosque
630 1842 763 1901 breuiter
780 1849 918 1901 recenset
938 1836 1009 1923 (uel,
1027 1848 1062 1901 ut
1078 1838 1227 1901 rhetorice
1249 1840 1327 1917 dicit,

182 1942 325 2017 attingere
351 1958 409 1999 non
439 1934 527 2023 uult),
553 1940 784 2019 quodomnium
814 1958 863 1999 res
889 1947 990 2017 gestae
1012 1940 1172 2017 separatim
1196 1941 1257 1997 sint
1278 1957 1326 1997 re·

181 2038 254 2099 latae
270 2038 335 2111 (21,
351 2038 380 2113 I,
392 2038 435 2111 I).
466 2046 597 2117 tempora
617 2040 709 2117 igitur
727 2036 959 2115 primordiorum
978 2036 1163 2115 singulorum
1184 2054 1326 2117 generum

181 2156 245 2199 esse
272 2142 391 2195 secutus
418 2136 545 2195 uidetur.
584 2138 665 2215 atqui
694 2136 765 2195 haec
789 2142 859 2195 sunt
883 2136 960 2213 apud
984 2134 1158 2195 Suetonium
1182 2134 1325 2213 Hierony·

180 2254 319 2314 mumque
342 2242 506 2311 poetarum,
529 2242 689 2313 oratorum,
710 2234 932 2311 historicorum,
953 2233 1206 2311 phdosophomm,
1230 2252 1325 2311 gram·

179 2334 352 2393 maticorum
378 2334 596 2411 rhetorumque,
622 2334 819 2411 similiterque
835 2332 987 2393 iuuenalis
1006 2336 1083 2404 (uid.
1098 2334 1326 2405 Reifferscheid

179 2432 440 2508 1004221111
472 2432 596 2510 septima
626 2432 713 2492 satira
749 2434 808 2510 agit
835 2430 873 2492 de
898 2432 996 2508 poetis
1025 2438 1057 2490 et
1081 2428 1234 2490 historicis
1258 2421 1325 2512 (qui

180 2527 266 2590 ‘lecto
289 2531 417 2608 gaudent
438 2523 909 2616 etnmbra’105)‚oratothus,
930 2531 1095 2607 rhetoricis7
1116 2531 1323 2608 grammaticis.

178 2629 256 2688 liano
275 2631 365 2706 Igitur
385 2627 518 2688 ordinem
538 2631 752 2688 constituentes
770 2637 926 2708 poetarum
941 2623 1005 2711 (lih.
1019 2629 1066 2688 VI.
1079 2623 1152 2712 Vll),
1174 2637 1323 2688 oratorum

179 2721 263 2810 (riti.
281 2721 344 2810 IX),
369 2727 611 2806 philosophorum
632 2721 680 2808 (X.
700 2721 763 2810 rt),
786 2727 998 2787 historicorum
1016 2721 1092 2808 (XII.
1114 2720 1203 2808 xlii),
1228 2745 1323 2804 gram·

177 2827 350 2888 maticorum
372 2819 456 2908 (XIV.
476 2819 549 2910 XV),
574 2825 724 2886 rhetorum
747 2817 831 2908 (XVI.
847 2819 939 2908 XVII)
963 2833 994 2885 et
1019 2827 1180 2886 historicos
1202 2823 1322 2886 Latinos

177 2923 207 2982 in
229 2923 293 2984 loco
319 2943 405 3002 quem
430 2925 565 2984 attribuit
587 2923 698 2986 Gellius
722 2927 900 2984 retinuimus
926 2934 954 2984 et
978 2931 1058 2983 artes
1081 2925 1246 2982 secundnm
1263 2925 1322 2983 nri·

177 3025 272 3100 gines,
301 3041 375 3102 quae
403 3023 523 3102 quidem
553 3023 629 3102 apud
657 3021 783 3084 Graecos
814 3023 933 3100 luerint,
960 3023 1209 3082 enumerauimus
1252 3039 1321 3082 nam

176 3117 345 3198 Nipperdeii
371 3123 538 3182 coniectura
565 3115 683 3204 (praefi
701 3141 734 3198 p.
755 3140 888 3198 marg:
910 3122 942 3180 V.
958 3121 996 3180 VI
1022 3119 1240 3198 iurisconsulti>
1263 3121 1320 3180 Vll.

175 3217 235 3278 VIII
261 3227 400 3300 oratores,
424 3219 470 3280 IX.
487 3219 513 3278 X
535 3227 647 3300 poetae,
673 3219 718 3280 XI.
736 3219 786 3280 XII
806 3219 984 3300 philosophi,
1003 3219 1077 3278 XIII.
1094 3218 1158 3278 XIV
1178 3219 1321 3297 historici,

176 3313 230 3378 XV.
252 3317 313 3378 XVI
340 3313 538 3402 grammatici)
569 3321 647 3378 omni
682 3327 761 3378 certo
795 3319 987 3378 fundamento
1018 3325 1113 3396 earet,
1141 3337 1320 3396 (quamquam

175 3415 246 3474 illud
274 3423 353 3476 reete
382 3417 457 3476 uidit
484 3417 641 3496 Nepotem,
670 3417 749 3498 quod
778 3417 814 3478 de
840 3417 964 3476 Philisto
988 3419 1019 3475 in
1044 3419 1106 3476 uita
1128 3417 1231 3476 biems
1254 3412 1319 3496 372

174 3511 203 3572 in
232 3533 266 3574 eo
289 3515 365 3576 libro
388 3515 472 3594 plura
498 3517 629 3594 exposita
651 3535 715 3576 esse
745 3515 866 3594 diceret,
889 3519 941 3594 qui
964 3515 1000 3576 de
1022 3515 1175 3575 historicis
1198 3513 1319 3576 Graecis

175 3615 357 3692 conscriptus
382 3621 467 3692 esset,
494 3615 565 3674 haee
587 3615 680 3674 uerba
703 3615 811 3674 secisse
829 3622 924 3674 totum
943 3633 1016 3692 opus
1035 3615 1201 3692 perlectum
1221 3615 1319 3672 animo

172 3715 412 3790 praecipientem,
439 3711 604 3790 similiaque
630 3711 762 3792 exempla
786 3733 822 3772 en
844 3711 1003 3772 Plutarcho
1026 3706 1191 3795 protulit.2)

259 3809 389 3870 Primum
414 3811 485 3870 edIti
510 3817 578 3870 sunt
600 3811 632 3870 hi
650 3811 719 3870 IIhri
740 3809 791 3870 ‘Ile
811 3809 988 3870 inlustribus
1005 3805 1099 3870 niris'
1112 3845 1154 3852 -
1170 3811 1218 3870 hic
1239 3813 1318 3870 enim

172 3903 259 3966 index
273 3909 329 3968 luit
340 3943 385 3952 -ψ
394 3909 463 3968 111110
479 3909 574 3968 Attico
589 3911 676 3968 annis
688 3903 728 3970 35
731 3905 746 3990 I
751 3905 917 3988 rte-esf
920 3906 993 3987 721,
1003 3909 1128 3969 tortasse
1142 3927 1167 3966 a.
1181 3903 1317 3988 34111'720,

171 4011 203 4064 ut
225 4005 393 4086 Nipperdey
409 4027 444 4084 p.
459 4029 515 4066 nm
535 4005 728 4086 probabiliter
753 4027 787 4068 ex
811 4009 873 4068 uita
895 4008 985 4068 Attici
1007 4009 1143 4085 coniecit,
1162 4015 1317 4068 tumuere

259 4237 283 4302 1)
305 4233 349 4286 sto
370 4233 454 4288 etiarn
472 4233 612 4288 Wissowa
630 4235 744 4304 Enepct
759 4235 806 4286 IV
823 4251 845 4288 c.
862 4237 941 4288 1412.

257 4317 282 4376 ab
304 4317 417 4368 Frustra
437 4313 599 4384 obloquitur
619 4315 712 4382 Vnger
732 4315 749 4368 l.
765 4335 786 4368 s.
802 4335 828 4384 p.
846 4320 896 4368 140
908 4332 966 4382 sqq.
