3234 4950
534 362 746 417 IMPERATOR·
766 362 907 417 CAESAR
927 362 1113 417 AVGVSTVS
1287 384 1399 429 LXXffl

249 546 281 601 in
303 534 337 593 fr.
359 529 398 589 11
424 538 528 591 exstat.
559 539 623 591 tum
649 537 676 589 ct
700 530 825 589 aliorum
850 529 951 591 laudes
976 530 1026 591 illa
1048 539 1144 591 aetate
1167 532 1304 591 cornibus
1327 534 1398 591 satis

250 635 378 711 cognitas
413 648 480 689 cuin
513 646 563 687 sna
599 628 796 705 coniungebat
825 630 966 705 misitque
992 630 1088 689 uitam
1114 630 1152 689 ad
1178 630 1338 709 Agrippam
1369 642 1399 691 et

248 734 446 795 Maecenatem
475 730 506 787 in
535 736 726 787 monumento
753 726 908 807 Aneyrano
941 730 1066 787 omissos
1097 734 1124 787 33
1154 730 1290 805 crimina,
1324 748 1398 807 quae

248 830 366 893 abluere
395 844 456 885 non
483 834 598 903 posset,
625 828 659 885 in
685 826 758 885 alios
787 824 996 903 transferebat,
1023 824 1104 885 uelut
1127 826 1299 885 Ciceronem
1326 846 1340 885 a
1364 846 1397 885 se

247 935 310 1009 ipso
336 926 456 983 maximi
479 924 612 983 habitum
637 942 703 983 esse
727 922 885 983 simulabat
906 924 963 999 (fr.
979 924 1007 983 6.
1026 924 1065 995 7).
1094 924 1219 1001 denique
1238 928 1329 985 etiam
1348 944 1398 985 res

246 1028 375 1107 priuatas
391 1024 531 1083 tractauit
545 1040 690 1082 excusans
708 1022 867 1083 diuortium
885 1040 952 1081 curn
968 1020 1121 1083 Scribonia
1138 1024 1396 1099 133333111312).

246 1128 318 1185 haec
352 1138 452 1179 rerum
481 1122 625 1199 expositio
656 1122 801 1179 sermonis
833 1120 976 1197 elegantia
1007 1128 1035 1179 et
1058 1120 1221 1181 subtilitate
1246 1140 1396 1181 commen·

248 1222 377 1282 dabatur.
417 1218 575 1297 diligenter
599 1222 677 1277 enim
703 1238 719 1279 a
741 1218 815 1279 lulia
842 1222 905 1279 auia
929 1228 961 1279 et
983 1218 1019 1277 ab
1042 1218 1106 1279 Atia
1131 1226 1224 1279 matre
1254 1218 1397 1281 educatus

247 1320 282 1381 ab
304 1316 480 1395 Apollodoro
501 1316 684 1395 Pergameno
711 1326 738 1377 et
761 1317 870 1377 Romae
898 1324 924 1375 et
949 1316 1116 1395 Apolloniae
1140 1318 1290 1377 rhetorum
1310 1338 1395 1395 prae-

246 1418 339 1495 ceptis
365 1416 521 1475 institutns
549 1423 624 1491 erat,
650 1418 791 1493 quicum
816 1436 832 1475 3
856 1414 980 1475 Caesare
1007 1416 1149 1475 dictatore
1172 1416 1263 1475 adid
1286 1434 1395 1475 munus

244 1520 366 1575 uocatus
391 1521 482 1592 esset,
511 1516 576 1573 eins
605 1514 828 1591 simplicitatem
852 1514 1003 1587 (Martini.
1025 1514 1079 1573 XI
1097 1514 1154 1587 20)
1178 1516 1210 1575 in
1235 1512 1395 1575 scribendo

245 1630 312 1673 enm
336 1614 446 1671 imitari
470 1614 564 1689 iussit,
593 1612 681 1689 idque
712 1614 738 1671 ei
768 1610 896 1671 feliciter
923 1614 1081 1693 successim
1108 1630 1176 1672 nam
1208 1620 1234 1671 el
1260 1612 1395 1673 Caesaris

245 1704 422 1791 elegantiall
457 1728 473 1769 a
503 1710 648 1769 Cicerone
676 1714 778 1781 (Brut.
802 1712 857 1785 72,
877 1710 957 1785 252)
989 1708 1127 1771 laudatur
1160 1716 1188 1769 et
1221 1710 1344 1789 Augusti
1380 1730 1395 1771 a

244 1810 392 1869 Frontone
413 1808 887 1887 (3.123113338113333133113,
912 1808 1037 1869 addente
1064 1808 1267 1887 ‘praecipuam
1290 1828 1393 1869 curam

244 1924 311 1967 enm
337 1906 455 1965 duxisse
479 1926 600 1966 sensum
624 1908 717 1965 animi
744 1926 833 1986 13113111
857 1908 1044 1985 apertissime
1071 1904 1248 1985 exprimere’
1271 1908 1308 1981 (c.
1327 1908 1394 1987 Sd),

245 2004 438 2083 quiquidem
465 2004 498 2063 de
524 2024 582 2083 quc
605 2004 679 2065 libro
707 2009 802 2083 aptius
829 2004 960 2065 iudicare
983 2008 1137 2083 [latuerint
1160 2024 1245 2083 quam
1273 2004 1306 2063 de
1333 2008 1394 2067 uita

243 2120 302 2163 non
324 2101 425 2182 nide03
449 2106 481 2163 in
505 2104 641 2181 epistulis
664 2105 751 2164 aliter
778 2104 909 2163 scribere
934 2104 1053 2163 solebat.
1091 2104 1266 2163 documenta
1292 2111 1393 2167 tamen

244 2202 306 2259 eius
330 2202 360 2259 in
385 2206 606 2261 commentariis
635 2202 786 2263 scribendi
817 2202 940 2263 rationis
968 2220 1060 2263 unum
1090 2202 1230 2263 habemus
1263 2204 1291 2261 in
1317 2200 1394 2261 134

241 2298 330 2376 idque
354 2306 453 2359 tenue.

331 2398 366 2457 At
389 2406 512 2478 propter
535 2418 583 2459 res
606 2408 740 2459 narratas
765 2400 936 2480 frequenter
958 2400 1117 2478 scriptores
1143 2400 1233 2459 hunc
1261 2400 1392 2457 fontem

242 2497 422 2575 adierunt⁷
445 2503 554 2578 partim
580 2503 644 2560 eins
664 2503 847 2578 auctoritate,
872 2503 980 2576 partim
1006 2497 1181 2574 adulatione,
1207 2499 1314 2576 partim
1340 2497 1391 2556 ali-

241 2612 325 2654 orum
353 2597 453 2675 iuopia
481 2597 591 2676 adacti,
616 2600 651 2656 iu
677 2597 786 2676 quibus
815 2597 1026 2656 enumerandis
1058 2605 1225 2674 temporum
1256 2595 1391 2656 ordinem

241 2709 356 2771 sequar.
394 2697 508 2772 primns
537 2699 601 2756 eius
624 2695 734 2756 librum
758 2695 1114 2756 Nicolausllamasoenus
1137 2697 1166 2752 in
1187 2703 1390 2754 3331333333-

240 2791 318 2869 tulit,
343 2811 402 2870 quo
424 2790 537 2854 *amiei'
560 2797 608 2854 sni
636 2797 726 2854 etiam
752 2797 817 2854 uini
845 2795 937 2854 uitam
968 2797 1114 2872 exposuit,
1145 2791 1172 2850 id
1200 2793 1278 2872 quod
1301 2803 1331 2854 et
1353 2813 1391 2852 311

240 2892 381 2950 3111113333
410 2911 519 2968 genere
546 2893 699 2952 scribendi
726 2900 755 2950 et
781 2911 815 2950 ex
841 2911 986 2952 consensu
1013 2911 1080 2950 oum
1098 2893 1209 2952 Velleio
1233 2899 1263 2950 et
1286 2891 1390 2952 Sueto-

240 2989 290 3046 nio
308 2991 380 3048 satis
405 3001 539 3071 apparet3
562 2995 662 3052 omnia
685 2993 768 3052 enim
790 2995 889 3052 animo
914 2999 942 3052 et
966 2997 1065 3052 mente
1089 2999 1249 3068 occupatus
1270 2989 1304 3048 ad
1326 2993 1389 3050 eius

239 3085 355 3148 laudem
373 3089 556 3168 gloriamque
577 3089 690 3148 rettulit
710 3091 832 3162 (Genea.
848 3091 917 3148 Lan.
933 3091 956 3148 I
963 3109 995 3166 p.
1012 3091 1075 3148 401
1087 3091 1170 3164 sqq).
1207 3087 1270 3148 Non
1289 3091 1389 3148 minus

240 3183 350 3244 multus
377 3189 410 3244 in
437 3207 472 3247 ea
498 3181 995 3270 33131131331111333301183),
1022 3191 1104 3248 ouius
1136 3195 1215 3246 certa
1245 3187 1389 3264 quaedam

239 3287 361 3362 uestigia
379 3289 567 3356 (1131113311
582 3289 622 3364 fr.
641 3289 667 3346 1.
683 3289 786 3360 810)
806 3289 878 3346 item
899 3285 933 3346 ad
955 3287 1117 3364 Augustum
1140 3285 1251 3346 ducunt
1266 3287 1388 3358 (Gescb.

239 3381 308 3442 1133.
329 3385 547 3460 131.382333.
574 3389 606 3446 Ε.
627 3387 790 3446 Schwartz
814 3387 914 3448 Herm.
935 3387 978 3446 33
995 3405 1028 3460 3.
1043 3385 1134 3456 213).
1162 3387 1268 3444 31331113
1288 3391 1389 3444 tamen

239 3481 302 3538 eins
330 3485 422 3542 uitam
450 3486 564 3562 primns
589 3483 703 3544 Plinius
727 3486 759 3542 in
786 3483 914 3544 naturali
938 3485 1062 3544 historia
1087 3483 1145 3558 (fr.
1164 3485 1209 3560 4),
1232 3491 1389 3560 praeterea

238 3595 365 3640 causus
391 3583 416 3640 ll
439 3579 490 3659 al,
515 3581 566 3641 ubi
592 3583 626 3642 de
650 3585 747 3642 omine
769 3583 896 3660 quodam
914 3601 1014 3642 sermo
1033 3589 1079 3642 est
1097 3583 1154 3656 (fr.
1174 3583 1241 3658 20),
1263 3581 1388 3640 fortasse

238 3679 326 3738 etiam
349 3677 402 3757 34,
420 3676 463 3740 58
487 3683 591 3752 (diuos
613 3685 770 3754 nonestus
792 3685 966 3742 admonitus
988 3685 1021 3740 in
1044 3681 1167 3756 quiete),
1197 3687 1259 3738 tum
1283 3679 1387 3740 Sueto·

238 3777 303 3834 nius
334 3799 399 3838 33111
421 3781 501 3838 111333
524 3780 648 3858 Augusti
674 3781 768 3838 libros
794 3781 949 3840 recensuit
971 3781 1038 3850 (uit.
1060 3779 1127 3856 85),
1156 3781 1212 3838 etsi
1238 3781 1281 3836 313
1312 3797 1386 3856 quae

238 3889 274 3930 ex
300 3895 336 3936 ea
362 3877 489 3938 inseruit
518 3879 691 3956 fragmentis
720 3881 865 3956 originem
895 3895 954 3936 non
976 3877 1137 3956 adscripsit
1158 3877 1215 3952 (fr.
1236 3877 1266 3934 1.
1285 3877 1314 3936 9.
1335 3877 1386 3936 12.

237 3971 288 4030 16.
301 3977 354 4036 19.
366 3973 435 4054 [21.
451 3977 503 4036 22.
520 3973 604 4057 23]);
624 3979 714 4036 etiam
726 3975 813 4054 plura
830 3979 855 4036 ei
875 3979 993 4036 nomine
1016 3977 1123 4034 omisso
1145 3973 1239 4052 debet)
1260 3977 1386 4036 inanime

236 4069 268 4126 in
289 4076 368 4132 uitae
395 4093 457 4153 oap.
476 4071 528 4134 91.
546 4071 599 4134 92.
618 4071 670 4152 94,
695 4075 801 4154 quibus
833 4081 861 4132 et
891 4075 1004 4134 somnia
1027 4075 1077 4132 uel
1098 4075 1194 4150 ipsius
1217 4075 1266 4132 uel
1289 4075 1386 4132 aliena

325 4311 351 4378 1)
370 4309 503 4374 ‘foranelb
526 4327 551 4363 u.
574 4311 688 4378 legiscita
712 4309 896 4362 Korrektbaa't'
921 4307 1069 4360 Woelfflin
1088 4309 1152 4360 Ber.
1169 4309 1197 4362 d.
1212 4309 1315 4378 Buper.
1331 4309 1383 4360 Ab.

233 4387 436 4457 pallos-patui.
454 4391 555 4444 311133.
574 4391 612 4444 Cl.
637 4395 704 4442 1396
722 4409 748 4457 p.
768 4395 816 4440 161
830 4405 888 4456 sqq.
