3234 4950
236 543 287 590 208

236 633 318 680 646.

298 409 341 476 36
699 413 856 470 CORNELI
875 413 1027 470 NEPOTIS

392 575 447 644 7²³².
472 583 549 644 Pue.
572 583 669 644 Mure.
691 585 732 642 36
754 577 889 666 Ἀννίβα
910 577 948 644 δέ
970 591 1036 644 τῶν
1062 575 1123 662 μέν
1145 579 1256 644 άλλων
1278 577 1446 661 ἐλάχιστος

297 681 341 758 ῆν
359 677 468 800 λόγρς,
492 677 693 760 Μάρκελλον
712 677 750 742 δὲ
768 677 971 742 πεπτωκέναι
991 680 1183 758 πυθόμενος
1199 677 1300 752 αὐτὸς
1318 675 1447 761 ἐξέδρα·

297 797 357 856 μεν
384 773 435 838 ἐπὶ
459 775 519 840 τὸν
539 777 672 840 τόπον
664 779 718 840 666
709 785 786 864 666
809 785 913 862 νεκρῷ
937 777 1103 859 παραστάς
1122 773 1177 838 καὶ
1196 779 1305 838 πολὺν
1322 779 1446 894 χρόνον

296 875 357 956 τῆν
392 895 423 936 τε
458 873 573 956 ῥώμην
603 883 662 938 τοῦ
692 875 841 956 σώματος
860 874 1073 994 καταμαθὼν
1099 871 1153 936 καὶ
1183 873 1219 936 τὸ
1254 865 1340 947 εἶδοςΊ
1370 873 1446 938 οὔτε

297 971 414 1052 φωνὴν
441 971 566 1054 ἀφῆκεν
589 971 805 1058 ὑπερήφανον
829 971 904 1036 οὔτε
929 969 982 1034 ἀπ’
1007 973 1112 1048 ὅψεως
1130 971 1165 1034 τὸ
1186 983 1313 1054 χαῖρον,
1335 971 1381 1046 ὡς
1403 971 1471 1034 666

296 1091 345 1146 τις
375 1069 503 1154 ἐργώδη
530 1069 693 1154 πολέμιον
717 1073 773 1134 καί
800 1073 908 1154 βαρὺν
944 1069 1143 1152 άπεκτονώς,
1173 1067 1345 1152 ἐξέφηνεν,
1375 1067 1442 1132 666

296 1163 527 1252 ἐπιθαυμάσας
554 1169 590 1232 τὸ
620 1171 812 1252 παράλογον
840 1178 898 1250 τῆς
926 1171 1078 1250 τελευτῆς
1100 1169 1159 1232 τὸν
1183 1163 1245 1250 μὲν
1266 1169 1444 1232 δακτύλιον

296 1263 459 1350 ἀφείλετο,
483 1267 520 1332 τό
539 1265 579 1332 δὲ
600 1279 695 1352 σῶμα
715 1271 885 1352 κοσμήσας
900 1265 1062 1350 πρέποντι
1079 1269 1192 1354 κόσμῳ
1209 1263 1265 1328 καὶ
1282 1267 1445 1348 περιστεί-

296 1367 354 1442 λας
385 1355 521 1448 ἐντίμως
548 1367 665 1430 ἐκαυσε
694 1367 748 1430 καὶ
774 1367 817 1430 τά
837 1367 977 1441 λείψανα
1006 1363 1144 1440 συνθεὶς
1173 1367 1218 1440 εἰς
1244 1365 1365 1428 κάλπιν
1387 1363 1444 1448 άρ-

296 1473 404 1544 γυρᾶν
434 1461 488 1528 καὶ
519 1475 665 1550 χρυσοῦν
698 1463 850 1548 ἐμβαλὼν
881 1463 1048 1548 στέφανον
1076 1461 1247 1526 άπέστειλε
1271 1463 1358 1543 πρὸς
1383 1462 1444 1526 τὸν
1456 1485 1485 1524 re

294 1563 381 1626 υἱόν.
416 1573 482 1628 τῶν
514 1557 548 1626 66
578 1561 747 1646 Νομάδων
773 1559 864 1636 τινες
891 1565 1125 1646 περιτυχόντες
1152 1571 1222 1636 τοῖς
1252 1563 1444 1646 κομίζουσιν

296 1659 454 1742 ὥρμησαν
480 1659 698 1744 ἀφαιρεῖσθαι
725 1661 763 1724 τὸ
791 1668 922 1742 τεῦχος,
950 1657 1285 1742 άντιλαμβανομένων
1310 1655 1339 1722 δ’
1364 1659 1443 1724 ἐκεί-

295 1781 364 1820 νων
393 1757 617 1842 ἐκβιαζόμενοι
646 1759 699 1822 καὶ
728 1763 907 1842 μαχόμενοι
940 1757 1118 1844 διέρριψαν
1142 1759 1184 1822 τά
1211 1757 1301 1820 ὀστᾶ.
1335 1759 1443 1822 ποδό-

294 1881 393 1938 μενος
411 1853 450 1922 δὲ
468 1853 623 1938 Ἀννίβας
644 1857 699 1920 καί
722 1857 806 1940 πρὸς
827 1859 904 1934 τοὺς
929 1859 1093 1939 παρόντας
1115 1857 1216 1920 εἰπὼν
1237 1851 1362 1920 Ὁύδέν
1379 1859 1443 1940 ἄρα

296 1955 443 2018 δυνατὸν
465 1955 623 2036 γενέσθαι
647 1955 784 2030 άκοντος
810 1957 907 2018 δεοῦ’
934 1965 1003 2030 τοῖς
1025 1955 1086 2037 μέν
1106 1955 1261 2034 Νομάσιν
1280 1951 1443 2036 ἐπέθηκεν
1455 1985 1483 2024 16

294 2053 405 2136 δίκην,
431 2055 538 2120 οὐκέτι
570 2049 604 2116 66
634 2055 769 2138 κομιδῆς
798 2053 819 2138 6
848 2059 1011 2138 συλλογῆς
1038 2064 1107 2117 τῶν
1134 2052 1303 2131 λειψάνων
1325 2051 1442 2138 ἐφρόν·

293 2169 396 2234 τισεν,
425 2153 468 2228 ὡς
497 2153 536 2234 δῆ
563 2153 642 2216 κατά
666 2153 750 2216 θεόν
776 2175 853 2216 τινα
877 2150 932 2216 καὶ
953 2161 1011 2234 τῆς
1032 2157 1188 2234 τελευτῆς
1208 2147 1263 2215 καὶ
1286 2161 1342 2234 τῆς
1367 2151 1442 2214 άτα-

294 2251 375 2332 φίας
400 2243 594 2336 παραλόγως
621 2249 704 2314 οὕτω
728 2259 773 2336 τῷ
799 2249 987 2335 Μαρκέλλω
1010 2248 1198 2330 γενομένης.
1249 2253 1359 2312 Ταῦτα
1381 2245 1442 2332 μὲν

295 2343 356 2412 οὖν
395 2351 430 2412 οί
464 2345 537 2432 περὶ
578 2349 768 2432 Κορνῆλιον
803 2346 945 2412 Νέπωτα
976 2345 1031 2412 καὶ
1066 2345 1253 2432 Οὐαλέριον
1284 2345 1442 2428 Μάξιμον

294 2447 515 2529 ίστορῆκασιν.
1453 2478 1482 2517 κο

385 2544 416 2611 8.
444 2552 527 2611 Seru.
550 2552 591 2609 66
612 2550 698 2625 6666.
717 2552 791 2609 Αεα.
813 2550 833 2609 I
851 2550 917 2609 368
946 2548 1089 2627 Carthago
1110 2550 1189 2607 enim
1207 2557 1293 2607 autea
1312 2550 1441 2625 speeiem

293 2648 396 2709 hahuit
425 2649 551 2727 duplicis
579 2646 692 2727 oppidi,
721 2650 806 2727 quasi
836 2646 915 2709 aliud
939 2646 1064 2709 alterum
1085 2646 1326 2727 amplecteretur,
1357 2649 1440 2707 euius

293 2748 417 2807 interior
444 2766 513 2827 pers
539 2746 632 2825 Byrsa
656 2744 822 2825 dicebatur,
850 2748 980 2805 exterior
1002 2746 1131 2823 Megalia.
1169 2748 1257 2805 huius
1285 2747 1329 2805 rei
1356 2748 1441 2805 testis

293 2854 338 2907 est
327 2844 516 2907 tCurnelius
539 2844 636 2923 Nepos
659 2846 692 2903 in
715 2864 750 2905 eo
773 2844 859 2923 libre,
882 2846 934 2923 qui
954 2846 1018 2905 uite
1040 2844 1201 2905 illustrium
1224 2842 1408 2905 inscribitur,

300 2960 531 2967 --ι--ιη-..μη--μ--ῌμ

292 3016 362 3105 6666
386 3014 625 3087 πεντακισχιλίους
647 3016 822 3105 άπαθαυεῆν,
845 3018 1011 3105 ἀποκτεῖναι
1034 3017 1065 3069 δὲ
1084 3012 1229 3084 Ρωμαίων
1251 3018 1285 3069 06
1308 3015 1440 3080 πλείονας

274 3086 309 3157 ’ἢ
329 3090 534 3151 πεντακοσίους.
558 3110 571 3143 ο
590 3090 623 3143 δε
641 3084 784 3159 Λίβιος
758 3088 829 3141 οότω
848 3088 898 3157 μὲν
918 3090 951 3141 06
971 3090 1185 3173 διαβεβαιοῦται
1202 3086 1336 3157 γενέσθαι
1356 3087 1439 3180 μεγά-

290 3156 378 3231 666
362 3180 448 3251 τμτριν
465 3166 519 3215 κτλ
540 3168 567 3215 66
556 3162 617 3215 ίάε
634 3162 693 3215 6666
710 3162 828 3215 66'66666666
845 3162 884 3213 6666
900 3162 1005 3213 Nolam
1021 3162 1140 3214 66666066'66
1160 3162 1305 3213 612666
1323 3162 1372 3213 καὶ
1390 3162 1438 3213 δο-

291 3242 372 3301 κοῦσι
389 3234 450 3285 τότε
470 3234 563 3297 δεῖξαι
579 3232 615 3285 τδι
634 3240 706 3287 νῶτα
720 3228 899 3299 Ρωμαίοις
887 3249 946 3285 οσοι
969 3228 1123 3321 συνέβαλρν
1136 3234 1186 3287 καί
1199 3231 1295 3322 φυγὴν
1309 3230 1438 3300 άποφρά-

292 3320 385 3359 σιστον
413 3312 515 3397 φαγεῖῆ
542 3302 730 3393 ἀποβαλόντες
755 3302 817 3367 ἐξ
806 3312 912 3357 εαυτῶν
935 3304 1052 3390 νεκροὺς
1072 3324 1125 3391 μεγ
1146 3302 1324 3391 γενομένους
1337 3324 1438 3357 πεντα-

290 3374 442 3465 κισχιλίους
470 3378 518 3429 καὶ
546 3384 600 3429 τῶν
630 3374 787 3443 ἐλεφάντων
816 3372 950 3442 τέσσαρας
972 3378 1022 3445 μὲν
1046 3372 1193 3442 πεσόντας,
1223 3375 1273 3429 δύο
1298 3373 1327 3429 δε
1353 3376 1438 3441 ζωοὺς

291 3444 409 3509 ἁλόντας
429 3450 483 3501 κτλ.
510 3450 575 3503 666.
592 3450 708 3501 XXIII
718 3452 762 3501 16.
777 3452 816 3501 46
833 3448 943 3501 XXIV
953 3450 997 3501 67
1018 3446 1097 3515 6606
1112 3418 1239 3515 Νεμόε
1226 3464 1258 3500 ικ
1275 3448 1337 3501 6666
1357 3450 1438 3501 Ηακ-

290 3522 357 3573 666'666
359 3522 393 3573 666
416 3538 463 3573 σου
466 3520 582 3575 ίκατίυκκ
603 3522 817 3601 6666666'6666666666
833 3520 871 3585 (1,
881 3522 901 3573 2
926 3518 1156 3587 quotiescumque
1180 3536 1243 3597 eum
1264 3534 1298 3571 eo
1320 3518 1438 3599 [μαμμία

290 3592 429 3673 606660]
449 3606 612 3673 congressus
632 3592 700 3645 est
693 3610 721 3645 m
742 3590 784 3643 lie
785 3590 837 3656 lie,
859 3606 967 3659 semper
986 3588 1116 3644 discessit
1133 3588 1267 3659 superior,
1297 3594 1321 3655 6,
1336 3588 1438 3645 ruine

290 3660 412 3745 i6uieius
428 3662 550 3743 putrium
566 3664 709 3717 defensum
724 3665 881 3728 reuocatus
895 3667 922 3729 5,
936 3666 952 3715 4
972 3660 1133 3729 quamdiu
1125 3660 1437 3743 1nltaliaf6it,nsm0

290 3732 318 3787 ei
327 3732 362 3787 iu
368 3732 427 3789 ueie
442 3734 522 3787 restis
510 3732 555 3803 616,
569 3750 648 3789 uerno
665 3734 800 3787 aduersus
815 3750 878 3786 eum
890 3736 955 3801 post
944 3732 1139 3787 toennensem
1153 3750 1279 3802 pugnam
1293 3733 1322 3785 iu
1337 3750 1436 3803 eampo

290 3810 383 3859 cestre
400 3804 513 3875 pesum,
532 3824 566 3861 επ
582 3806 669 3861 66666'0
689 3806 861 3861 ίααόατίοαίε
878 3809 937 3859 ιιάε
954 3822 1031 3873 ςκακ
1050 3810 1150 3861 tractet
1169 3806 1246 3859 6666
1262 3806 1413 3861 66666'06
1369 3808 1437 3861 εαίίε

290 3880 458 3945 66666'66666·
430 3896 456 3945 6,
476 3880 533 3933 666.
546 3896 575 3947 γ.
590 3900 692 3933 xrrrm.
721 3878 775 3931 Die
798 3876 908 3945 6666666
926 3878 972 3932 ees
991 3880 1060 3931 Pleet
1061 3922 1065 3931 .
1025 3884 1107 3945 6666.
1124 3881 1222 3947 65666.

381 3950 407 4003 6.
437 3950 565 4017 6666666
586 3950 656 4005 Μαί
682 3952 865 4003 66666'666666'666
887 3948 1072 4017 Caesarisque,
1095 3950 1141 4003 see
1165 3966 1213 4003 αττ
1230 3950 1279 4003 666
1297 3966 1359 4003 6666
1376 3952 1436 4017 ι’γοεο

290 4020 377 4075 Ιαῗυίο
403 4024 522 4077 τακτικά
552 4022 693 4089 (XXVII
710 4024 760 4089 28)
790 4038 837 4075 κιο
863 4021 965 4075 Vetere·
994 4020 1118 4075 Μακίκιί
1140 4024 1157 4087 (
1159 4022 1210 4077 Vr
1236 4028 1288 4077 ταί.
1304 4025 1332 4088 6)
1338 4044 1350 4087 ,·
1376 4024 1435 4077 αι’ά,

289 4092 344 4147 Βία
367 4092 477 4161 6666666666
497 4092 542 4147 ees
561 4094 633 4147 1³66.
645 4110 676 4161 p.
694 4096 728 4145 75
739 4110 774 4161 εγ,

380 4164 406 4217 8.
434 4164 494 4219 666.
511 4166 633 4231 Melteer,
652 4164 744 4219 Carth.
758 4164 894 4233 666616.
910 4167 971 4217 442,

380 4326 412 4411 8,
440 4336 489 4389 21.
517 4334 581 4391 Hee
609 4336 645 4407 β’,
667 4334 744 4393 deest
767 4336 801 4391 66
828 4336 928 4393 σείσειε
953 4332 1085 4393 66660666
1112 4335 1200 4403 6066,
1223 4334 1278 4392 6666·
1306 4338 1436 4395 exhiberet

289 4422 393 4483 Drescl.
415 4428 441 4481 et
460 4422 642 4497 Guelfer·6.I
