3234 4950
280 353 375 400 oxum
521 333 567 386 DE
589 329 819 386 sunieronrn
840 329 934 384 viris
953 331 998 384 ΕΤ
1019 329 1176 384 sentiris

278 501 412 562 homines
443 501 569 578 aliquant
600 501 732 560 historiis
758 501 820 560 suis
851 499 955 558 locum.
1000 497 1177 578 respiciebat
1200 515 1274 558 uero
1295 499 1422 560 maxime

280 599 488 678 digressiones,
515 599 643 678 inques
670 599 773 676 quouis
799 599 951 656 occasione
977 597 1109 673 abusurn,
1137 617 1175 656 ne
1204 597 1275 674 quid
1301 599 1422 679 periret,

280 699 431 758 doetrinae
462 705 492 758 et
518 697 658 758 uanitatis
692 715 760 756 suae
797 715 888 756 cornu
920 695 1070 756 effundere
1105 715 1171 755 eum
1205 695 1323 756 solitum
1357 714 1422 758 esse

278 799 367 856 etiarn
390 797 485 856 oratio
509 797 545 856 de
567 797 632 856 inre
657 797 801 854 honornrn
825 794 917 854 Gallis
940 795 1036 854 dando
1055 793 1244 854 demonstrat.
1291 812 1359 854 narn
1381 797 1423 856 ita

277 913 399 956 exorsus
423 893 525 956 ‘mullo
551 899 580 956 lu
608 897 746 956 Poenoue
771 899 899 954 ciuitate
923 902 1039 955 norrutu
1060 911 1132 968 esse,
1163 895 1334 969 etquidem
1360 902 1421 954 stu·

278 999 329 1056 tim
355 997 390 1054 ul)
418 999 537 1070 erlplne
560 997 645 1054 uritis
669 997 838 1068 multusque
865 997 897 1052 ln
918 993 1037 1070 termus
1057 999 1215 1068 stutuspuc
1236 1011 1300 1052 reru
1315 1011 1351 1068 p.
1375 995 1420 1052 cll·

278 1097 399 1154 cinctu-n
434 1087 516 1168 esse’‚
551 1111 615 1152 rem
647 1109 663 1150 a
689 1091 807 1152 condita
833 1091 910 1152 urbe
937 1091 1116 1170 regibusque
1154 1093 1261 1168 repetit
1298 1098 1327 1148 et
1365 1089 1422 1153 hoc

276 1193 428 1270 specimen
456 1191 597 1250 historiae
628 1209 696 1250 snae
726 1189 798 1268 edit,
828 1189 920 1270 quod,
952 1209 1020 1250 curn
1049 1187 1105 1250 alia
1131 1191 1195 1250 eius
1226 1189 1357 1268 exempla
1385 1191 1422 1250 ad

273 1289 399 1350 ueritum
431 1309 489 1350 non
521 1293 579 1350 sint
612 1289 716 1350 tradita
722 1337 730 1366 7
758 1289 806 1350 irie
838 1307 983 1368 propono:
1011 1290 1045 1348 Is
1067 1287 1259 1366 [Taruprinius
1285 1289 1417 1367 Priscus]

268 1399 398 1466 propter
431 1397 609 1450 terrlerutnrn
631 1393 823 1463 surtpulnern,
849 1391 930 1462 puell
947 1396 1043 1464 putre
1064 1387 1231 1448 Demuruto
1263 1387 1420 1450 Corinthio

275 1495 366 1548 nutus
388 1495 456 1548 crui
482 1495 508 1548 et
536 1489 750 1562 Tarquiniensi
777 1495 874 1546 mutue
900 1505 1051 1562 perraroso
1077 1487 1133 1544 scel
1156 1491 1251 1564 prepi,
1281 1494 1313 1544 ut
1343 1505 1420 1562 puae

227 1587 228 1590 ’
275 1591 330 1646 tull
350 1591 458 1646 nturlto
485 1605 606 1646 necesse
627 1589 768 1646 noluerit
792 1589 995 1664 succumbere,
1019 1603 1088 1646 cum
1114 1587 1194 1646 lomi
1221 1589 1421 1662 repelleretur

275 1705 294 1744 u
316 1689 458 1760 perennis
483 1689 655 1760 nonoribus,
681 1695 844 1760 postquem
871 1685 997 1744 Romam
1025 1689 1180 1760 mlpruult,
1214 1703 1344 1760 repuum
1366 1689 1420 1744 url-

273 1791 359 1862 eptus
382 1791 434 1844 est.
480 1787 553 1846 lille
571 1801 688 1860 p'uopue
713 1791 741 1844 et
764 1787 830 1856 tilio
856 1787 994 1858 nepetluc
1017 1787 1082 1844 elus
1103 1785 1186 1856 (uum
1211 1791 1239 1844 et
1256 1787 1315 1844 ltoc
1340 1788 1420 1844 inter

274 1889 417 1944 erectores
436 1885 605 1960 discrepet)
624 1887 755 1944 insertus
777 1883 904 1944 Seruius
930 1883 1051 1960 Tullius,
1073 1887 1103 1942 si
1119 1889 1238 1942 nostros
1254 1887 1419 1958 sequimur,

275 1987 399 2060 coptlnu
437 1991 527 2042 nutus
567 1981 711 2052 Ocrcslu;
743 1985 771 2040 si
803 1981 925 2055 TusceS,
962 1983 1046 2041 Coeli
1076 1985 1230 2054 quonlam
1262 1981 1420 2042 Vlueuuue

272 2083 385 2142 sedulis
406 2081 599 2156 fidelissimus
620 2083 773 2156 omnisque
798 2085 863 2140 elus
890 2099 980 2138 cesus
1001 2097 1108 2156 comes,
1131 2088 1296 2156 postquem
1325 2086 1420 2140 uurlu

269 2179 399 2254 sorluuu
421 2187 549 2240 cunctus
566 2197 633 2240 curn
654 2181 790 2240 omnihus
809 2183 935 2254 reliquis
958 2179 1098 2240 Cucllunl
1114 2183 1270 2240 exercitus
1289 2180 1419 2240 Etrurlu

273 2283 416 2356 concessit,
440 2285 566 2338 merrtem
601 2279 734 2338 Coelium
760 2281 927 2354 oecupuuit
953 2286 984 2338 ct
1010 2297 1032 2336 α
1058 2279 1135 2338 llucc
1163 2295 1218 2339 suo
1244 2279 1347 2338 Coelio
1373 2283 1419 2340 itu

275 2381 465 2454 appellituult
492 2385 666 2454 mututopue
695 2381 815 2438 otouiue
839 2378 925 2450 (uum
951 2377 1046 2438 Tusce
1068 2377 1232 2438 Mmturnu
1259 2381 1290 2438 ei
1310 2394 1419 2438 nomeu

273 2478 356 2549 erut)
381 2482 425 2537 ltu
448 2480 618 2553 uppellutus
641 2484 693 2551 est,
724 2482 756 2535 ut
781 2480 857 2551 clim,
884 2483 915 2535 et
935 2496 1063 2551 repuum
1086 2494 1201 2535 summu
1229 2494 1298 2537 cum
1319 2482 1369 2537 rel
1382 2496 1418 2553 p.

272 2580 404 2635 utilitate
429 2580 566 2651 optinuit.
614 2578 733 2635 nerone
748 2583 912 2651 postquem
933 2576 1081 2651 Turpulni
1103 2576 1234 2651 Superbi
1250 2592 1350 2636 mores
1371 2580 1417 2636 ln-

272 2678 331 2733 ulsi
357 2678 478 2735 claritati
497 2682 619 2735 nostroe
638 2692 702 2733 esse
723 2681 896 2751 coeperunt,
921 2678 1095 2751 meursius
1113 2678 1324 2749 puufillorom
1345 2680 1417 2749 clus,
1496 2747 1498 2754 Ι

271 2790 378 2849 nempe
393 2778 571 2849 pertaesum
596 2778 638 2835 est
659 2780 770 2833 mentes
791 2776 887 2847 reputt
913 2781 940 2833 et
959 2776 1166 2847 accumules,
1184 2778 1416 2849 uunuosmupl-

270 2880 393 2947 strutus,
414 2874 638 2933 ulmlnistrutio
659 2876 705 2931 rel
718 2892 750 2949 p.
771 2874 925 2931 tronslutu
942 2880 994 2931 cst.
1037 2872 1177 2931 Historici
1193 2874 1288 2949 igitur
1304 2874 1417 2933 ratione

272 2988 335 3029 roro
366 2988 521 3047 aggressus
551 2978 685 3031 auctores
715 2976 744 3029 et
776 2970 924 3031 Romanos
951 2977 983 3030 et
1009 2970 1120 3031 Tuscos
1155 2970 1289 3031 distinxit
1319 2990 1417 3051 neque

270 3066 324 3129 hos
349 3068 441 3145 finxit,
465 3072 614 3147 quoniam,
638 3070 700 3129 sine
726 3070 799 3149 ipsis
822 3072 886 3129 siue
912 3069 1013 3129 Verrio
1039 3068 1141 3129 Fine-co
1167 3068 1260 3129 alione
1286 3068 1417 3130 Romano
1496 3135 1498 3138 ,

271 3168 416 3245 scriptore
443 3186 514 3227 usus
542 3174 598 3245 est,
628 3186 700 3247 quae
728 3186 759 3227 ex
787 3170 828 3229 eis
854 3168 964 3244 hausit,
992 3170 1079 3228 etiam
1104 3168 1201 3227 Pulsis
1225 3171 1255 3229 iu
1281 3168 1417 3247 sepulc-ro
1496 3179 1498 3186 '

173 3278 175 3283 ’
271 3260 397 3343 quodam
421 3268 499 3345 picta
523 3266 636 3327 detecta
660 3272 729 3327 sunt
748 3268 801 3345 (cs.
817 3266 970 3327 Mucnzer
986 3285 1021 3327 m.
1038 3268 1096 3327 nn.
1111 3266 1193 3327 llll
1201 3288 1235 3343 p.
1250 3268 1316 3327 596
1329 3270 1416 3345 spu).
1496 3312 1499 3348 ξ

271 3372 300 3423 at
328 3382 434 3441 sermo,
462 3366 517 3423 etsi
547 3366 673 3443 uestigia
701 3366 846 3443 quaedam
870 3364 993 3423 Liuiana
1020 3372 1165 3445 apparent
1196 3366 1239 3437 (u.
1264 3366 1417 3427 silutenzer
1496 3351 1499 3418 Ξ

269 3466 287 3521 l.
308 3480 376 3539 sp.
392 3462 480 3537 609),
505 3482 520 3521 a
546 3463 637 3523 lactea
662 3462 710 3523 iiia
736 3462 870 3525 ubertate
893 3462 1018 3525 muitum
1044 3464 1131 3523 distat
1155 3482 1318 3545 parumque
1348 3474 1415 3545 apte

271 3560 308 3621 de
344 3560 448 3621 Seruio
488 3562 580 3621 Tullio
621 3580 670 3621 res
706 3582 763 3621 una
802 3560 924 3641 periodo
954 3562 1081 3623 inuoluit
1119 3569 1149 3621 et
1181 3564 1417 3643 circumscripsit

271 3660 413 3731 (niunden
431 3660 621 3735 rutupina
632 3678 667 3737 p.
683 3660 768 3733 236).
816 3678 994 3739 quamquam
1017 3678 1124 3741 operae
1152 3660 1201 3721 hic
1225 3680 1285 3722 nort
1308 3680 1415 3741 peper·
1495 3687 1498 3692 ⁴

270 3762 318 3837 cit,
333 3778 390 3837 qna
407 3778 473 3819 eunt
495 3762 522 3817 in
545 3758 638 3819 edicto
658 3758 827 3819 Anannensi
848 3777 948 3819 carere
967 3758 1104 3819 uidemus
1119 3762 1297 3831 (llloulmscu
1313 3762 1414 3821 Herm.

269 3858 291 3915 I
296 3858 322 3915 V
328 3876 363 3933 p.
380 3858 444 3915 106
456 3860 522 3933 sp).
570 3858 709 3917 ninriruni
735 3858 763 3915 in
789 3858 912 3917 historia
935 3858 1077 3935 elegantia
1103 3876 1176 3935 opns
1199 3866 1271 3917 erat.

361 3956 417 4015 Sed
440 3956 518 4015 inter
543 3956 677 4015 homines
701 3956 763 4015 eins
789 3956 930 4015 historiae
953 3954 1051 4017 iocum
1070 3956 1126 4015 sibi
1145 3976 1204 4016 non
1226 3966 1413 4035 aperuerunt.

269 4072 336 4113 narn
363 4054 417 4113 soii
441 4054 598 4113 Suetonius
623 4060 708 4131 tattpne
734 4054 847 4113 Plinius
869 4052 1030 4113 ‘historias’
1049 4056 1113 4113 eius
1132 4056 1300 4115 citauerunt
1323 4056 1414 4133 idque

269 4152 393 4229 singuiis
418 4144 490 4211 loris
514 4152 567 4227 (tr.
588 4154 617 4211 t.
636 4152 681 4231 3),
705 4160 793 4231 atque
817 4156 906 4213 etiam
931 4152 1052 4213 dultium
1076 4161 1129 4230 est,
1154 4172 1225 4213 nuni
1242 4153 1322 4213 iilius
1344 4154 1413 4214 aite-

269 4268 334 4311 rurn
361 4252 555 4329 iiugnrentnnr
578 4252 628 4325 (2)
659 4270 692 4311 en
723 4254 763 4311 eis
791 4260 938 4329 sumpturo
963 4254 1013 4329 sit,
1042 4252 1135 4311 Plinio
1166 4260 1275 4331 auteur,
1303 4254 1354 4329 qni
1380 4254 1413 4311 in

619 4350 625 4365 ‘l

267 4350 416 4407 indicibus
437 4348 577 4409 iilnurnrn
604 4350 633 4407 i.
661 4350 700 4407 ii.
723 4350 781 4407 pin.
804 4350 866 4409 ‘int
892 4350 1045 4409 Claudiurn
1065 4352 1222 4409 tlaesnrenr
1242 4352 1412 4429 nonrinanit7
