3234 4950
565 315 820 372 annuntiaris
841 315 984 372 CORDVS
1283 337 1352 384 CXV

203 495 302 558 menta
324 489 427 562 lidron
455 503 530 562 quos
558 491 609 546 uir
635 491 686 546 ille
711 487 898 564 fortissimus
920 490 1071 560 aanpulne
1095 505 1149 546 sao
1172 491 1350 562 scripserat.

204 591 311 670 optime
328 589 469 646 meruisti
489 587 525 642 de
541 585 686 644 Romanis
704 585 822 658 atriolis,
838 603 949 658 mopna
966 587 1087 644 illoram
1095 603 1174 660 pars
1189 580 1349 668 arserat.1)

202 691 310 768 optime
325 687 362 744 tle
370 687 511 760 posterla,
538 685 579 742 orl
598 701 672 758 paros
690 687 793 744 uerrlet
811 687 992 758 tneorrupto
1010 703 1114 744 rectam
1129 687 1209 756 rides
1228 689 1351 744 tractari

202 803 254 850 saro
278 799 386 856 mapno
414 787 561 858 inpuluta.
587 785 695 858 optime
721 783 755 842 lle
781 785 855 858 apso,
877 786 967 842 cuiue
989 785 1073 856 nipet
1093 785 1267 858 aipelltqoe
1291 801 1350 840 me-

202 885 311 958 morio,
350 883 493 954 quatrrdlu
527 885 558 940 la
584 885 687 954 pretio
719 879 816 956 fuerit
840 879 981 940 Romano
1013 885 1166 958 connasci,
1203 883 1350 956 qllamdiu

202 985 360 1060 pulsantum
391 983 458 1054 erit,
493 983 546 1052 qui
577 981 693 1038 reuerti
727 981 800 1038 uelit
832 981 876 1038 all
908 987 979 1038 acta
1009 982 1170 1056 maloram,
1202 981 1349 1054 qaramliu

202 1083 368 1158 quisquam,
392 1081 444 1152 out
473 1079 546 1136 uelit
567 1083 656 1154 scire,
682 1077 756 1152 quid
783 1081 822 1136 stt
846 1079 897 1135 utr
920 1077 1085 1150 Romanus,
1113 1080 1188 1152 quill
1214 1079 1350 1138 subortis

201 1185 260 1242 lom
286 1179 457 1236 ceruicibus
484 1179 614 1236 omnium
637 1183 667 1236 et
689 1177 734 1234 orl
754 1175 955 1236 Seianianum
985 1179 1090 1248 lupum
1117 1179 1238 1236 adactis
1261 1178 1348 1236 iado-

200 1281 297 1350 mitus,
329 1275 405 1348 pratil
435 1279 475 1332 ait
506 1275 592 1332 ltomo
625 1277 761 1348 impertio,
797 1277 912 1350 animo,
942 1291 1036 1332 mana
1066 1277 1154 1334 liber.
1206 1293 1350 1348 mopnum

200 1375 368 1436 mehercule
401 1375 614 1434 detrimentum
643 1389 692 1432 res
716 1373 847 1448 pialtico
877 1378 1014 1448 ceperat,
1044 1377 1071 1430 st
1099 1377 1181 1432 illam
1210 1375 1245 1434 od
1271 1375 1350 1432 daras

200 1491 249 1536 rea
263 1473 494 1546 pulcherrimas
517 1473 549 1530 in
573 1473 753 1530 obliuionem
780 1475 957 1545 conlectam,
982 1473 1182 1544 eloquentiam
1206 1479 1235 1531 et
1256 1473 1348 1530 liler-

201 1579 299 1648 tolem,
319 1587 378 1628 uon
394 1575 539 1630 ermines:
562 1571 682 1646 lepltur,
698 1573 799 1646 floret,
818 1573 852 1628 in
870 1587 981 1630 meinata
992 1569 1155 1644 dominam,
1174 1575 1206 1629 ln
1215 1578 1348 1646 pectora

199 1677 338 1744 receptus
372 1673 550 1728 uetustatem
582 1671 694 1728 nullam
730 1671 827 1728 timet:
861 1675 893 1726 at
923 1671 1044 1728 illorum
1074 1671 1256 1740 carnificum
1288 1671 1348 1728 otto

199 1771 315 1830 scelera
350 1783 479 1842 quoque,
515 1767 623 1840 quibus
656 1769 728 1826 solis
758 1771 935 1826 memoriam
967 1776 1158 1842 meruerunt,
1194 1769 1348 1827 tacebunt.

201 1863 317 1926 Tiberio
343 1865 422 1924 enirn
445 1869 561 1924 mortuo
586 1863 716 1942 Caligula
745 1865 834 1924 etiam
863 1863 918 1924 hos
945 1863 1065 1924 annales
1095 1867 1126 1922 in
1156 1865 1251 1926 lueenr
1280 1883 1348 1943 pro-

199 1971 327 2024 traxerat
352 1963 537 2042 lectitarique
561 1965 688 2022 iusserat
712 1965 808 2038 (Suet.
838 1965 902 2022 Col.
926 1965 993 2040 16),
1020 1971 1053 2022 ut
1078 1963 1189 2022 Seneca
1214 1962 1287 2022 illud
1310 1963 1348 2022 de

201 2068 317 2122 aeterna
352 2081 452 2122 earum
491 2065 632 2122 memoria
670 2063 825 2122 uaticinari
859 2065 1003 2140 potnerit,
1038 2069 1123 2140 pater
1156 2070 1253 2122 antem
1283 2065 1347 2122 eius

200 2161 278 2220 loeas
304 2159 443 2238 quosdam
469 2161 611 2220 suasoriis
634 2163 695 2220 suis
721 2163 855 2220 inserere
874 2151 933 2242 (fr.
954 2163 983 2220 1.
1002 2161 1047 2238 2),
1066 2179 1244 2240 quamquam
1264 2161 1347 2220 Cice-

200 2259 280 2318 ronis
304 2259 501 2318 laudationem
526 2265 556 2318 et
578 2259 641 2338 ipso
667 2267 695 2318 et
715 2259 865 2318 Cremutio
887 2277 947 2318 nan
973 2259 1092 2334 dignam
1111 2279 1177 2320 esse
1195 2253 1345 2342 iudicati)

201 2357 278 2436 quod
302 2365 399 2418 tamen
427 2357 599 2428 Quintiliani
624 2365 716 2418 aetate
741 2377 800 2416 non
823 2361 933 2436 integri
956 2357 1139 2436 legebantur,
1171 2368 1243 2436 turn,
1279 2377 1347 2418 eum

200 2455 317 2515 annales
344 2455 439 2517 denuo
462 2455 694 2535 publicarentur,
721 2476 770 2515 eos
791 2459 984 2517 circumcisos
1003 2476 1069 2515 esse
1090 2457 1272 2519 uerisimile
1292 2465 1346 2517 est.

199 2554 251 2615 sed
283 2558 371 2615 etiarn
400 2556 489 2617 huius
520 2562 614 2617 aetate
638 2554 797 2617 ‘amatores
827 2574 929 2615 ennam
960 2554 1082 2615 libertas
1114 2576 1182 2617 suos
1214 2552 1346 2637 hahuit’3

198 2672 264 2713 nani
296 2652 464 2713 felicissirne
494 2652 691 2731 Nipperdeius
716 2652 742 2713 X
767 2650 799 2733 l,
829 2650 894 2713 104
926 2654 990 2713 loco
1024 2662 1092 2713 ante
1124 2674 1157 2713 se
1189 2656 1346 2731 desperato

199 2750 340 2811 Cremutii
370 2772 477 2813 nornen
506 2754 635 2813 restituit
662 2746 730 2837 (Op.
748 2748 813 2813 409
835 2746 928 2836 suad:
956 2754 1056 2813 Habet
1079 2746 1263 2837 amatoresi)
1289 2774 1347 2815 aee

199 2854 338 2911 lutraerlto
368 2844 533 2933 orentutti)
554 2854 686 2927 libertae,
712 2870 893 2929 quamquam
918 2856 1109 2911 circumcisis
1130 2872 1211 2927 quare
1231 2854 1347 2913 dimisse

199 2954 227 3009 et
249 2944 434 3033 rroeueruti)
459 2952 514 3011 sed
532 2956 642 3011 elatum
668 2952 789 3011 abunde
811 2956 952 3025 spirltum
977 2957 1005 3009 et
1024 2954 1161 3011 uallares
1177 2956 1347 3012 sententias

199 3050 408 3123 deprehendas
432 3054 521 3109 etium
547 3054 576 3109 in
603 3052 656 3119 liis,
682 3068 759 3125 qaae
783 3056 915 3109 manent.
947 3057 1010 3109 turn
1031 3048 1151 3109 'lacitus
1171 3050 1345 3109 Suetonius-

199 3164 253 3223 que
288 3164 388 3205 eornm
424 3148 622 3225 cognitionem
653 3148 831 3225 hahuerunt,
869 3146 988 3207 Cassius
1019 3148 1073 3205 Ilio
1112 3157 1191 3207 certe
1232 3148 1267 3207 de
1300 3150 1345 3207 eis

197 3244 320 3325 lageran
351 3248 380 3305 in
404 3244 565 3307 inultorum
595 3254 692 3307 tamen
721 3244 858 3307 marnibns
884 3266 944 3307 uon
974 3244 1116 3307 uidentur
1138 3248 1242 3325 fuisse,
1272 3250 1344 3325 [suin

199 3344 284 3403 etiarn
313 3362 383 3403 rrum
415 3346 527 3403 Plinius
560 3346 589 3403 in
618 3344 744 3405 naturali
772 3344 909 3422 historia,
937 3346 989 3423 qui
1014 3352 1134 3422 praeter
1163 3346 1196 3404 ir.
1222 3340 1242 3405 5
1271 3344 1344 3405 etss

199 3442 284 3501 atiani
310 3444 339 3501 in
363 3442 462 3501 indice
491 3441 560 3501 libri
582 3442 631 3503 Vll
657 3462 725 3503 eum
748 3451 900 3503 auctorent
923 3445 1066 3523 nominat,
1099 3446 1152 3503 lios
1180 3446 1346 3523 inspexerit

196 3548 318 3619 propter
342 3542 508 3619 argumenti
534 3540 736 3601 diuersitalern
760 3540 882 3601 dubium
907 3550 960 3601 est..

286 3698 311 3765 1)
330 3712 433 3765 tulupam
451 3698 561 3751 illoram
575 3712 644 3763 pars
664 3694 787 3765 pertinet
806 3696 843 3747 ad
861 3696 989 3749 Romana
1003 3695 1107 3763 studia,
1123 3714 1181 3749 non
1195 3698 1233 3750 ad
1246 3696 1343 3763 libica,

197 3776 269 3841 quod
299 3776 414 3843 quidam
439 3776 604 3843 uolueruni3
633 3778 702 3831 dicit
731 3776 817 3845 igilur
841 3778 946 3830 Seneca
971 3776 1120 3829 annalibus
1143 3777 1204 3847 igni
1229 3778 1344 3831 aeditis

197 3870 326 3925 magnam
348 3856 503 3911 studiorum
520 3858 629 3925 partem
649 3858 758 3913 arsisse.

284 3938 310 4007 2)
328 3938 478 3991 Asterisois
498 3936 526 3989 in
547 3938 766 4007 fragmentorum
787 3938 911 3991 edidione
929 3938 1056 4007 peperci,
1081 3938 1149 4005 quia
1169 3941 1251 3993 antea
1269 3956 1342 3991 suaa.

197 4020 219 4081 6,
238 4022 268 4069 16
291 4018 394 4071 Seneca
416 4036 431 4071 a
451 4018 687 4073 declamatoribus
706 4018 744 4073 ad
762 4018 911 4073 historicos
931 4036 960 4071 se
979 4018 1099 4071 transire
1113 4020 1305 4087 praemiserat.

284 4100 309 4165 3)
329 4100 480 4153 incitatores
499 4100 558 4151 eod.
574 4098 681 4153 Monac.

283 4180 309 4243 4)
328 4196 383 4231 rein
399 4222 404 4231 .
418 4222 422 4233 .
436 4222 439 4233 .
454 4181 525 4233 nauti
545 4182 609 4249 (rem
626 4184 729 4235 rerraltti
748 4182 813 4233 anie
830 4183 895 4249 res)
917 4180 1011 4233 Bamb.
1032 4182 1131 4234 rerrntti
1150 4181 1263 4249 Augeat.

284 4260 309 4325 5)
329 4258 432 4313 elicisse
449 4262 568 4315 uolutauit
586 4258 756 4329 Nipperdey.
776 4262 898 4326 dimissui,
917 4264 1061 4315 erreaeuerit
1078 4260 1172 4315 Ritter
1191 4258 1255 4315 Phil
1275 4260 1342 4313 LVI

195 4352 219 4403 p.
239 4342 287 4391 753
300 4356 337 4405 sq.
359 4356 457 4407 parurn
476 4342 559 4395 reete.
