3234 4950
270 346 310 411 58
633 342 877 399 1111111011
897 346 1053 399 Avcrsrr

268 516 407 577 seruilem
435 518 467 573 in
493 514 613 573 modurn
644 516 729 573 torsit
756 532 791 573 ec
817 516 957 573 tutentern
985 514 1060 573 nihil
1089 516 1175 573 iussit
1205 514 1307 591 occidi,
1331 518 1414 595 prins

267 616 359 675 oculis
394 616 458 673 eius
489 632 542 673 suo
575 630 664 672 manu
697 612 822 673 effossis,
869 630 956 691 quern
988 620 1088 673 tomen
1121 612 1224 673 scribit
1259 616 1412 693 conloquio

266 716 356 789 petito
391 714 561 771 insidiatum
594 710 653 771 sibi
684 712 909 791 coniectumque
939 730 955 771 a
982 730 1015 771 se
1041 712 1074 771 in
1102 710 1279 789 custodiam,
1309 712 1412 773 deinde

204 854 236 899 42
267 810 340 871 urbe
363 810 521 870 interdicta
544 809 700 869 dimissum
722 810 875 887 naufragio
900 809 950 869 uel
973 810 1119 869 latronum
1148 810 1265 869 insidiis
1289 812 1412 887 perisse.

192 924 245 989 ᾗ
355 904 411 971 lc.
436 912 594 969 Plutarch.
609 910 696 969 Brut.
711 908 753 967 41
789 904 974 987 Γενομένης
1000 900 1034 969 δὲ
1060 902 1101 969 δί
1132 902 1267 981 άταξιάν
1289 906 1440 989 ταύτηνε

266 1002 455 1087 ἀνωμαλίας
480 1004 536 1067 καὶ
558 1004 770 1083 διασπασμοῦ
793 1014 859 1067 τῶν
883 1002 1055 1085 ταγμάτων
1080 1002 1115 1065 τὸ
1141 1004 1301 1067 Μεσσάλα
1326 1016 1411 1087 πρῶ-

264 1124 333 1184 τον,
352 1096 421 1167 εἶτα
439 1104 479 1167 τά
499 1099 740 1184 συνεζευγμένα
759 1104 965 1185 παρήλλαττε
985 1104 1021 1165 τὸ
1037 1104 1205 1185 Καίσαρος
1223 1098 1410 1187 ἀριστερόν·

264 1198 317 1263 καὶ
342 1200 465 1285 βραχέα
486 1212 554 1263 τῶν
579 1200 722 1281 έσχάτων
745 1202 900 1281 θιγόντες
922 1198 976 1263 καὶ
1002 1200 1242 1281 καταβαλόντες
1270 1200 1309 1261 οὐ
1333 1206 1411 1265 πολ-

264 1302 343 1375 λοὺς
374 1298 439 1363 ἀλλ’
473 1298 755 1383 ὑπερκεράσαντες
787 1296 1006 1377 ἐμπίπτουσιν
1038 1300 1085 1373 είς
1114 1302 1152 1361 τὸ
1181 1300 1411 1381 στρατόπεδον.

262 1394 317 1460 καὶ
342 1402 473 1480 Καίσαρ
495 1396 567 1479 μέν,
592 1396 636 1471 ὡς
659 1396 759 1469 αὐτὸς
782 1394 819 1457 ἐν
842 1410 911 1471 τοῖς
934 1396 1169 1479 ὑπομνήμασιν
1191 1398 1324 1479 ἱστορεῖ,
1345 1410 1411 1461 τῶν
1427 1420 1453 1459 11

263 1500 372 1577 φίλων
405 1498 494 1569 τινὸς
522 1494 704 1578 Ἀρτωρίου
735 1494 881 1576 Μάρκου
912 1492 988 1557 καθ’
1027 1494 1137 1557 ὕπνον
1170 1494 1299 1569 ἰδόντος
1333 1498 1411 1571 ὄψιν
1540 1514 1541 1525 ἢ

261 1596 466 1659 κελεύουσαν
487 1594 642 1677 ἐκστῆναι
666 1596 818 1670 Καίσαρα
841 1590 895 1657 καὶ
918 1600 1091 1677 μετελθεῖν
1116 1592 1150 1657 ἐκ
1174 1602 1233 1657 τοῦ
1259 1594 1409 1677 χάρακος,

261 1688 391 1775 ἔφθασε
422 1694 542 1775 μικρὸν
574 1688 832 1773 ὑπεκκομισθεὶς
863 1682 968 1767 ἔδοξέ
988 1716 1023 1755 τε
1056 1692 1224 1755 τεθνάναι.
1277 1694 1314 1755 τὸ
1346 1694 1408 1777 γάρ

261 1802 402 1875 φορείου
423 1792 524 1855 κενὸν
545 1788 712 1865 άκοντίοις
733 1788 788 1853 καὶ
812 1792 927 1865 ὑσσοῖς
952 1790 1130 1873 βάλλοντες
1153 1790 1323 1871 διήλασαν.

261 1926 500 1935 >——.——-—

349 1994 379 2047 9
401 1993 441 2059 cf.
459 1994 530 2061 App
545 1994 569 2047 b
585 2010 605 2046 c
621 1994 677 2045 ΙΠ
693 1996 728 2045 95
748 1992 827 2055 ἔδοξε
847 1990 877 2045 di
897 1994 991 2045 ταῖσδε
1016 2000 1076 2055 ταῖς
1096 1990 1212 2077 ἡμέραις
1231 1992 1274 2079 [ί.
1276 2010 1296 2045 e
1314 2010 1408 2047 οοκειι-

260 2066 334 2121 totus
349 2066 510 2154 Οεΐμκίακτ]
525 2064 645 2127 Κόιντος
660 2064 783 2129 Γάλλιος,
799 2064 920 2133 ἁδελφὸς
938 2064 1058 2131 Μάρκου
1075 2058 1157 2115 recti
1149 2082 1194 2115 ιου
1209 2060 1340 2125 συνόντος
1351 2062 1408 2117 ’-Αν

259 2136 357 2209 τωνίῳ,
371 2136 446 2205 τὴν
438 2136 585 2205 πολιτικὴν
599 2132 767 2205 στρατηγίαν
786 2134 880 2205 άρχων
899 2142 947 2203 τῆς
961 2136 1067 2207 Λιβύης
1085 2136 1133 2187 καὶ
1153 2132 1223 2187 οὑτω
1243 2136 1333 2203 τυχὼν
1351 2136 1406 2205 [ἕν-

258 2210 350 2277 τυχὼν
367 2209 605 2277 Schweiptoeuser
627 2208 659 2261 οὐ
678 2208 770 2296 τυχὼν
784 2208 986 2299 Μεκάάεεοῖικ]
1010 2208 1203 2295 ἐπιβουλεῦσαι
1220 2210 1259 2297 epi
1278 2206 1406 2273 Καίσαρι.

259 2280 307 2332 καὶ
327 2280 414 2333 αὑτον
432 2280 484 2349 τὴν
504 2278 554 2347 μὲν
575 2276 740 2347 στρατηγίαν
756 2282 896 2343 περιειλον
911 2278 936 2331 οι
954 2280 1094 2347 σύναρχοι,
1078 2274 1202 2345 ιτὺνδ
1221 2276 1406 2367 οίκίανδιηρ-

258 2368 348 2405 πασεν
366 2352 382 2405 δ
402 2352 496 2440 δῆμος,
517 2348 585 2419 ἡδε
603 2350 689 2421 βουλὴ
713 2356 914 2417 κατεγίγνωσκε
929 2348 1069 2403 θάνατον.
1098 2348 1112 2403 ὁ
1134 2346 1163 2401 δε
1185 2354 1291 2415 Καισαρ
1313 2350 1340 2411 ἐς
1358 2352 1406 2403 τόν

259 2424 383 2494 ἀδελφὸν
404 2420 527 2478 ἐκέλευσε
543 2431 653 2506 χωρεῖν
672 2424 722 2476 καὶ
739 2424 822 2476 δοκεῖ
840 2424 907 2484 νεὼς
923 2420 1022 2494 ἐπιβὰς
1037 2422 1163 2505 οὐδαμοῦ
1182 2420 1275 2474 to<
1234 2430 1370 2490 φανῆναι.

349 2497 398 2550 lo.
417 2497 509 2549 Ηοο
496 2515 529 2548 ιιι
541 2497 637 2562 priore
651 2512 749 2585 puppo
768 2495 942 2564 Philippensi
964 2495 1123 2548 occidisse
1110 2511 1166 2562 cpsc
1187 2495 1388 2548 Plutarchus
1378 2513 1407 2548 ιιι

257 2563 814 2656 111111Ακ1οκ1122νιβιτίεΤῇμένχε
838 2565 959 2658 πρρτέρα
982 2563 1057 2656 μάχῃ
1078 2565 1143 2654 [Pin
1141 2567 1274 2634 tippenso']
1294 2569 1403 2632 Καίσαρ

257 2638 312 2692 ὑπὸ
330 2641 454 2704 Βρούτου
472 2637 544 2692 κατὰ
563 2637 664 2704 κράτος
683 2637 818 2730 ἡττιχθεὶς
835 2621 955 2710 ὑπέβαλε
974 2637 1005 2690 τὸ
1026 2635 1214 2704 στρατόπεδον
1234 2657 1281 2688 και
1304 2641 1403 2704 μικρὸν

258 2709 335 2778 ἔφθη
352 2713 419 2770 τοὺς
437 2709 617 2771 διώκοντας
605 2711 783 2776 ὑπεκφυγών,
802 2709 844 2770 ὡς
863 2713 899 2764 δε
919 2709 1022 2770 αὑτὸς
1042 2707 1077 2762 ἐν
1096 2717 1166 2770 τοῖς
1186 2707 1406 2800 ὑπομνημασι

257 2779 419 2850 γέγραφε,
449 2791 504 2835 τῶν
528 2779 617 2849 φίλων
641 2782 716 2842 τινὸς
738 2778 808 2846 ὄναρ
834 2779 980 2842 ίδόντος’
967 2781 1124 2850 ανεχώρησε
1152 2785 1205 2848 πρὸ
1233 2789 1280 2848 τῆς
1308 2779 1403 2850 μάχης.

258 2853 399 2908 Consenti
415 2855 488 2943 App
504 2857 528 2908 b
543 2871 564 2908 ο,
580 2853 629 2906 IV
645 2857 700 2906 110
723 2849 884 2920 Ἀρξάμενοι
910 2851 938 2906 δ’
964 2851 1037 2916 άπαξ
1070 2851 1148 2920 ἔργον
1174 2853 1223 2922 [occ
1204 2851 1258 2904 c'ttc
1235 2859 1283 2906 cies
1308 2853 1384 2908 Brut
1373 2853 1404 2924 11]

256 2925 303 2978 καὶ
328 2929 365 2996 τῷ
390 2925 533 2992 Καίσαρος
555 2943 661 2993 στρατῳ
678 2920 836 3015 τεταγμένῳ
859 2923 975 2992 μάλιστα
996 2923 1068 2978 κατά
1087 2931 1160 2992 σφᾶς
1180 2921 1352 3014 ἐπέδραμΉον
1357 2929 1405 2978 καὶ

255 2980 410 3063 τρέψαντες
427 2995 559 3062 ἐδίωκον,
579 2995 659 3064 μέχρι
676 2996 725 3048 καὶ
744 2995 775 3048 τὸ
794 2981 984 3084 στρατόπεδον
1006 2995 1148 3062 ἐξεῖλον,
1143 2995 1156 3048 d
1176 2999 1273 3048 κοινόν
1292 2989 1329 3062 ἦν
1345 2991 1405 3050 Ἀν-

255 3067 346 3139 τωνίῳ
367 3090 398 3120 τε
422 3089 471 3122 και
487 3066 624 3158 Καίσαρι,
646 3065 787 3134 Καίσαρος
811 3065 899 3122 αὑτοῦ
922 3065 962 3120 δι’
985 3067 1118 3120 ἐνύπνιον
1140 3067 1221 3122 ένδον
1244 3063 1295 3120 οὑκ
1317 3067 1403 3134 ὄντος,

255 3124 335 3193 ἀλλὰ
349 3137 546 3208 φυλαξαμένου
573 3139 623 3220 τὴν
652 3137 771 3206 ἡμέραν,
799 3139 841 3202 ὡς
868 3135 971 3202 αὑτὸς
1000 3139 1034 3192 ἐν
1063 3147 1133 3202 τοῖς
1161 3137 1404 3206 ὑπομνημαστν

255 3211 414 3280 ἔγραψεν
443 3213 522 3265 Idem
538 3211 829 3280 cottytts‘oecootoso
845 3217 880 3266 13
899 3209 1080 3280 Philippense
1098 3211 1213 3274 beilum,
1232 3225 1404 3278 quemquam

254 3282 399 3336 iuualidus
418 3285 503 3352 atque
524 3299 614 3352 aeger,
635 3283 740 3350 duplici
759 3283 866 3352 proelio
886 3283 1032 3352 transegit,
1052 3297 1169 3350 qrroruiu
1189 3281 1281 3350 priore
1304 3283 1403 3334 castris

255 3355 354 3406 exutus
368 3355 418 3406 uix
432 3355 467 3406 ad
483 3355 590 3406 Antoni
604 3371 689 3406 cornu
705 3353 774 3422 fuga
787 3357 925 3418 euaserat,
943 3355 1074 3422 pluribus
1087 3361 1187 3406 norint
1206 3369 1226 3406 c
1244 3359 1275 3406 91
1295 3353 1403 3422 Philip·

253 3427 337 3494 pensi
359 3427 420 3480 acie
443 3425 573 3496 quamuis
598 3425 743 3478 statuisset
762 3441 819 3478 non
838 3397 935 3496 egredi
958 3425 1142 3478 tabernaculo
1165 3427 1280 3494 propter
1298 3425 1403 3478 111111111-

255 3497 357 3566 dinem,
382 3515 510 3568 egressus
534 3505 578 3550 est
599 3499 696 3550 tomen
719 3495 803 3550 amici
828 3497 934 3550 somnio
958 3495 1092 3564 monitus3
1120 3497 1259 3562 cessitque
1277 3511 1321 3550 res
1339 3515 1401 3566 pro·

253 3583 347 3636 spere,
375 3571 488 3638 quondo
518 3570 608 3638 captis
638 3568 736 3622 castris
764 3569 866 3622 lectica
891 3567 962 3638 eius,
986 3571 1069 3636 qussi
1096 3567 1139 3620 ibi
1162 3569 1268 3622 cubans
1291 3585 1400 3622 reman-

254 3641 345 3707 sisset,
368 3659 504 3694 concursu
528 3639 652 3694 hostium
674 3638 804 3694 confossa
829 3643 912 3710 utque
934 3613 1040 3694 idcerct
1029 3643 1060 3694 111
1081 3643 1130 3694 est.
1160 3639 1301 3708 Quaedam
1326 3657 1400 3694 exor-

252 3715 349 3767 ποκάο
371 3713 453 3766 addit
474 3713 563 3766 Voter
586 3715 665 3766 Mac
681 3713 704 3764 I
723 3715 749 3778 7
765 3717 780 3766 1
808 3711 917 3766 Medico
949 3713 1072 3784 [14191131
1074 3713 1093 3782 ι’]
1122 3711 1232 3766 Artorio
1264 3713 1401 3764 somnium

254 3781 379 3864 capienti
398 3788 487 3847 nocte
507 3801 593 3864 quain
611 3783 671 3836 dies
690 3783 834 3838 insecutus
853 3787 897 3838 est
904 3801 982 3852 ,quo
1003 3785 1031 3836 in
1051 3783 1157 3852 campis
1177 3781 1327 3850 Philippiis
1346 3785 1400 3836 no-

252 3855 331 3908 mani
348 3855 422 3908 inter
436 3871 467 3908 se
480 3855 617 3908 exercitus
633 3859 830 3908 concurrerent
818 3829 997 3922 1,Μ111ε11111ε
1013 3855 1119 3922 species
1136 3855 1232 3908 oborto
1249 3855 1400 3924 praecepit,

252 3929 286 3980 ut
302 3925 384 3979 illum
407 3926 488 3994 graui
512 3926 607 3980 morbo
631 3925 801 3994 implicitum
820 3901 955 3994 iiioneret
973 3945 1009 3980 ne
1027 3929 1142 3994 propter
1161 3927 1310 3978 aduersum
1330 3927 1400 3980 uali-

252 3996 380 4052 tudinem
404 3997 530 4066 proximo
552 3997 660 4066 proelio
683 4015 740 4050 non
764 3997 918 4054 interesset.
954 3999 1028 4066 quod
1052 4015 1115 4052 cum
1141 3997 1242 4052 Ooescr
1267 3997 1400 4066 audisset,

252 4069 354 4123 lectica
378 4087 407 4122 se
429 4071 461 4122 in
479 4070 569 4122 aciem
588 4069 690 4122 deferri
713 4069 809 4134 iussit3
834 4069 882 4124 ubi
907 4071 972 4122 dum
997 4087 1082 4138 supra
1099 4069 1172 4122 uires
1202 4069 1325 4138 corporis
1347 4087 1399 4138 pro

343 4259 401 4344 10,
424 4267 454 4324 8.
481 4266 711 4342 καταβάλλοντες
736 4267 816 4340 ιιιάμ.
841 4285 891 4324 ενι.
913 4267 1049 4340 Scttcefer
1164 4271 1213 4324 11.
1244 4267 1400 4344 σερτωρίου

252 4355 334 4414 οοάά.
352 4357 473 4430 occidant
