3234 4950
345 378 471 421 XXXHH
596 354 641 405 Du
665 354 894 409 SCRIPTORVM
913 354 1005 407 Viris
1025 354 1071 405 ET
1092 352 1248 405 scitioris

346 520 560 603 Sicyoniorum,
585 520 692 599 quibus
722 526 805 601 quasi
835 522 1011 603 appendices
1041 522 1168 579 inseruit
1193 519 1330 597 Assyrios
1359 520 1495 597 aequales

347 616 430 705 (nom
451 620 527 699 opud
556 620 610 679 lros
633 620 798 679 secundum
819 640 922 699 regem
945 616 1081 697 [Ninum]
1107 636 1245 695 regnasse
1269 618 1401 697 uolebat,
1427 636 1494 677 cunr

345 718 419 779 illud
442 720 498 779 etsi
515 738 641 795 paruum
662 720 718 779 iam
740 714 897 803 exstaret),
921 719 1077 797 Aegyptios
1101 716 1215 776 litteras
1238 723 1317 776 certe
1342 738 1356 777 a
1375 714 1494 776 Graecis

344 836 398 897 per
427 818 455 877 lo
484 816 583 877 Inachi
613 816 701 875 liliam
732 816 882 895 ⁴irgiuam,
913 834 987 895 quae
1015 816 1050 874 ab
1080 816 1118 873 iis
1146 816 1201 875 Isis
1230 816 1379 875 nominata
1408 823 1494 891 esset,

345 918 495 993 accepisse
529 914 775 993 Serapidemque
798 916 888 975 luisse
922 931 1031 973 nomen
1059 912 1164 991 Apidis
1194 913 1267 971 item
1294 913 1398 991 Argiui
1427 920 1495 991 post

344 1020 479 1073 mortem.
524 1012 704 1089 Augustinus
736 1014 827 1091 enim,
857 1014 909 1091 [pri
934 1014 968 1071 in
988 1014 1090 1089 priore
1116 1019 1199 1089 parte
1225 1010 1354 1071 ciuitatis
1378 1010 1425 1071 dei
1450 1032 1494 1071 se·

345 1110 476 1171 cundum
502 1110 558 1171 lios
586 1108 677 1173 libros
705 1130 753 1171 res
783 1120 918 1171 terrenas
946 1110 1116 1189 descripsit,
1141 1110 1214 1167 lraec
1242 1108 1278 1167 de
1301 1111 1378 1169 serie
1402 1128 1494 1188 popu·

343 1210 439 1269 lorum
457 1208 589 1287 prodidit
614 1212 662 1283 (X
668 1210 747 1269 VIII
761 1208 813 1281 2).-
835 1212 897 1269 Sed
914 1214 995 1269 inter
1005 1212 1146 1284 piurima
1165 1225 1261 1281 reyna
1282 1215 1436 1269 terraram
1453 1242 1493 1249 -

344 1310 402 1367 duo
428 1326 524 1383 reyna
550 1312 699 1369 cernimus
725 1312 813 1383 tonye
837 1313 946 1369 ceteris
968 1312 1151 1383 prouenisse
1178 1308 1329 1381 clariora,
1353 1308 1493 1383 Assyrio-

343 1422 412 1465 rum
429 1410 577 1481 primam,
604 1408 712 1467 deinde
736 1406 957 1481 Romanorum,
982 1412 1014 1465 ut
1039 1406 1222 1479 temporibus
1245 1408 1291 1463 ita
1313 1408 1390 1465 iocis
1414 1410 1494 1466 inter

342 1524 374 1563 se
406 1506 551 1563 ordinata
579 1512 671 1579 atpae
697 1506 852 1564 distincta.
898 1522 970 1563 nam
996 1520 1055 1577 quo
1083 1506 1170 1563 modo
1201 1505 1281 1563 idad
1297 1508 1404 1580 prius,
1435 1506 1494 1565 doe

334 1608 504 1677 posterius:
534 1620 566 1661 eo
596 1604 682 1663 modo
709 1604 788 1663 iliad
812 1606 999 1676 moriente,
1024 1604 1081 1661 doe
1105 1606 1136 1661 in
1161 1602 1316 1661 occidente
1340 1608 1494 1673 currerim

343 1704 473 1775 denique
496 1704 527 1761 in
553 1704 633 1761 iliius
654 1704 716 1773 fine
739 1702 829 1761 tuias
853 1704 975 1761 initium
992 1699 1151 1775 confestim
1165 1698 1235 1775 fait.
1273 1718 1369 1773 reyna
1390 1709 1493 1761 cetera

343 1804 518 1875 ceterosque
547 1818 633 1873 reyes
662 1802 745 1857 uelut
769 1800 953 1875 appendices
972 1804 1098 1859 istorum
1119 1800 1259 1857 dixerim.
1297 1800 1396 1858 Ninus
1419 1816 1492 1875 eryo

342 1902 404 1957 iam
427 1900 579 1957 secandus
604 1916 662 1957 rea
688 1904 756 1957 erat
781 1898 990 1973 Assyriorum,
1019 1900 1072 1971 pai
1088 1902 1179 1971 patri
1200 1913 1253 1955 sao
1280 1897 1351 1957 Beio
1372 1915 1491 1958 sucees-

340 2004 433 2071 serat,
465 2000 557 2071 reyni
588 1998 670 2057 iliius
694 1998 799 2069 primo
831 2000 913 2071 reyi,
940 1998 1062 2069 quando
1093 1999 1123 2055 in
1153 2003 1237 2055 terra
1272 1995 1492 2055 Chaldaeorum

341 2102 432 2153 natus
455 2100 499 2153 est
522 2094 687 2155 Atratum
720 2100 888 2155 eratenim
910 2103 1044 2169 tempore
1060 2096 1112 2155 iiio
1130 2110 1257 2167 reynam
1279 2094 1492 2169 Sicyoniorum

342 2194 502 2253 admodum
519 2202 667 2267 paruum,
690 2208 710 2251 a
735 2208 793 2267 pao
816 2196 867 2253 iiie
891 2190 1113 2265 ‘undecumque
1132 2188 1334 2251 doctissimus’
1358 2190 1490 2267 [Terent.

343 2290 377 2349 do
397 2298 484 2349 metr.
499 2286 600 2367 2846]
621 2290 749 2349 Marcus
775 2292 873 2351 Varro
895 2292 1036 2349 scribens
1057 2292 1097 2349 de
1115 2297 1207 2365 yeme
1222 2292 1333 2365 popuii
1351 2292 1491 2364 Romani,

341 2392 425 2449 uelat
452 2392 576 2463 antiano
610 2396 753 2463 tempore,
784 2406 914 2449 exorsus
940 2396 992 2448 cst.
1031 2390 1068 2447 ab
1097 2390 1146 2447 iris
1172 2392 1250 2447 enim
1278 2388 1491 2463 Sicyoniorum

340 2491 465 2564 rapidus
490 2491 533 2548 ad
550 2487 747 2548 Athenienses
762 2491 919 2563 peruenit,
941 2505 963 2546 a
985 2489 1096 2560 auidas
1117 2489 1163 2546 ad
1176 2485 1311 2562 Latinos,
1336 2491 1409 2548 iude
1427 2489 1489 2548 Iin-

340 2605 452 2648 manos
473 2621 514 2626 -
537 2587 599 2646 Sed
628 2589 772 2660 quoniam
805 2605 857 2646 res
889 2587 1029 2646 Graecae
1057 2588 1152 2644 mutto
1180 2592 1251 2644 sunt
1282 2588 1367 2646 nobis
1400 2605 1490 2662 paam

340 2685 488 2760 Assyriae
518 2687 654 2746 notiores
688 2691 718 2744 et
741 2701 803 2760 per
839 2687 974 2745 Graecos
1004 2685 1049 2742 ad
1076 2683 1203 2742 Latinos
1235 2701 1275 2742 ac
1306 2687 1417 2746 deinde
1450 2689 1492 2745 ad

341 2785 502 2860 Romanos,
527 2785 580 2858 pai
604 2785 693 2842 etiam
718 2785 777 2858 ipsi
800 2783 908 2842 Latini
928 2790 1010 2856 saut,
1036 2790 1201 2858 temporam
1224 2785 1333 2842 seriem
1356 2785 1489 2843 dedaste·

340 2889 414 2942 runt
445 2885 498 2956 aui
528 2887 647 2956 pentem
674 2883 783 2956 populi
814 2881 948 2942 Romani
980 2884 1011 2940 in
1045 2883 1176 2956 oriyinis
1207 2883 1273 2938 eius
1308 2885 1491 2956 antiquitate

340 2983 445 3040 rimati
472 2987 557 3040 sunt:
586 2981 622 3040 od
649 2981 707 3040 doc
733 2981 884 3055 dedemus,
913 2981 966 3039 udi
988 2995 1062 3054 opas
1086 2985 1141 3053 est,
1165 2981 1308 3052 Assyrios
1330 2985 1490 3040 nominare

340 3095 436 3154 reyes,
459 3085 494 3138 ut
516 3087 676 3154 appareat,
699 3079 948 3152 praemadmodam
968 3079 1138 3153 Babylonia
1158 3080 1245 3152 quasi
1256 3081 1363 3152 prima
1382 3079 1489 3153 Roma,

341 3193 408 3236 cum
429 3181 598 3260 personina
617 3181 647 3236 in
673 3177 730 3236 doc
751 3180 864 3238 mundo
887 3179 938 3236 dei
961 3181 1089 3236 ciuitate
1103 3182 1286 3250 procurrat,
1307 3194 1358 3236 res
1381 3186 1490 3251 autem,

340 3291 418 3350 auos
430 3281 560 3350 propter
583 3277 842 3350 comparationem
865 3279 1001 3334 ciuitatis
1024 3277 1191 3348 utriusque7
1215 3282 1356 3334 terrenae
1371 3278 1490 3336 scilicet

340 3379 369 3432 et
396 3375 535 3432 caelestis
562 3373 634 3434 duic
664 3391 774 3448 operae
802 3379 921 3449 oportet
946 3377 1096 3448 inserere,
1122 3375 1222 3446 mayis
1243 3391 1285 3430 esc
1310 3373 1437 3432 Graecis
1462 3380 1490 3434 et

340 3471 467 3544 Latinis
492 3471 545 3530 udi
565 3477 597 3530 et
619 3475 685 3546 ipsa
709 3471 807 3532 Roma
826 3476 917 3546 acrasi
931 3475 1068 3532 secunda
1087 3471 1260 3546 Babylonia
1279 3478 1329 3546 est,
1349 3473 1489 3532 debemus

340 3587 501 3628 assccrnere.
537 3571 613 3640 (nid.
631 3569 673 3646 fr.
693 3567 737 3642 9.)
780 3567 849 3628 Hiat
879 3588 950 3628 sane
984 3571 1014 3628 in
1046 3569 1103 3628 hae
1135 3569 1214 3628 serie
1244 3571 1443 3646 transgressio
1472 3589 1488 3628 a

341 3667 468 3726 Graecis
491 3665 527 3726 ad
550 3665 710 3744 Romanos,
735 3685 802 3726 cum
824 3669 1005 3745 nesciamuS,
1036 3685 1093 3744 qua
1119 3674 1182 3724 arte
1213 3673 1338 3726 stemma
1363 3667 1401 3726 ab
1426 3667 1487 3727 illis

340 3765 376 3824 ud
403 3765 521 3824 Aenean
551 3761 748 3842 ‘inmotosque
779 3763 931 3824 Troianos'
964 3766 1078 3838 (Antip.
1099 3769 1176 3824 ium.
1197 3765 1239 3840 fr.
1260 3765 1283 3822 d
1300 3785 1336 3841 p.
1355 3765 1400 3824 88
1418 3769 1486 3838 Mi.)

342 3861 508 3944 deduxerit,
540 3863 719 3922 simultatem
747 3863 869 3940 quidem
896 3861 1095 3922 oblitteratam
1121 3861 1158 3921 ab
1186 3881 1221 3922 eo
1248 3880 1314 3922 esse
1343 3865 1413 3922 hinc
1437 3865 1486 3922 ad·

342 3969 435 4040 paret,
459 3959 539 4040 quod
561 3961 706 4020 Troianus
732 3967 759 4020 et
784 3959 927 4020 Arcadem
951 3959 1061 4022 Salium
1086 3963 1116 4018 in
1138 3961 1250 4020 Italiam
1281 3980 1382 4022 secum
1408 3962 1488 4023 duxit

342 4061 394 4138 (fr.
412 4061 453 4118 15
466 4061 572 4144 p49d)
596 4067 624 4120 et
648 4077 716 4120 cum
734 4059 873 4120 Diomede
898 4059 1056 4118 amicitiam
1081 4059 1228 4138 quandam
1249 4059 1348 4120 iunxit
1369 4063 1423 4138 (fr.
1444 4063 1488 4120 Id

337 4177 368 4234 p.
382 4159 448 4232 90).
488 4159 547 4218 Sed
567 4165 635 4218 utut
661 4165 719 4236 est,
742 4159 830 4216 etium
855 4160 884 4216 in
909 4159 964 4216 hoc
988 4159 1085 4216 studio
1108 4177 1124 4218 a
1149 4157 1329 4218 Graecorum
1354 4159 1487 4218 doctrina

339 4255 491 4336 proiectus
519 4263 575 4334 est,
611 4275 678 4316 cum
706 4255 916 4334 aPosidonio,
947 4274 1038 4341 quem
1063 4257 1195 4316 imitatus
1225 4264 1253 4314 et
1284 4274 1333 4316 res
1360 4255 1486 4318 Graecas

340 4353 545 4432 Romanasque
571 4357 613 4414 itu
640 4357 864 4434 (tontumiuuuit,
891 4363 927 4414 ut
952 4375 1027 4432 quoe
1053 4353 1178 4416 Romani
1201 4353 1236 4414 ab
1261 4355 1326 4414 aliis
1350 4355 1487 4432 gentibus
