3234 4950
589 376 700 431 LIBER
716 377 766 430 DE
785 377 931 432 CATONE
951 375 1120 430 VTIOENSI
1386 375 1432 438 43

370 541 402 608 2.
428 549 507 606 Ρῖνι.
529 547 641 606 Cama
642 545 748 606 ι’πῖσ
782 541 847 605 Διὸ
880 543 963 620 [ιιιπιι
926 549 988 606 mia
1016 547 1070 606 ἀιῖι
1037 549 1216 622 ιῖῖῖςεαίαι
1207 549 1240 606 ιἰι
1264 505 1501 642 Ptolomaei&

278 647 450 708 hereditate
467 645 663 706 ιῖῖαιπιῖιπιῖα
688 645 743 705 Cat
731 643 865 720 ῖο]τοῖς
883 663 917 702 τε
942 639 1058 714 ἀλλοις
1079 639 1258 724 φίλοιςὼς
1213 639 1432 702 ωάπιστῶν

278 739 506 826 προσέκρουσε
531 735 586 804 καὶ
615 739 675 802 τὸν
702 737 952 822 συνηθέστατον
984 737 1138 804 ἁπάντων
1163 737 1361 802 Μουνάτιον
1384 737 1432 812 είς

278 837 385 924 ὀργὴν
409 837 527 919 ὀλίγου
559 837 633 900 δεῖν
658 837 840 920 ἀνήκεστον
870 835 1054 922 γενομένην
1078 835 1246 920 ἐνέβαλεν,
1269 837 1353 900 ὥστε
1377 833 1432 900 καὶ

252 939 423 1017 εΚαίσαρι
447 937 611 1020 γράφοντι
631 937 733 1018 λόγον
752 937 832 1000 πατδι
851 945 910 1000 τοῦ
932 937 1087 1012 Κάτωνος
1111 935 1313 1020 πικροτάτην
1329 943 1431 998 τοῦτο

278 1036 316 1100 τὸ
335 1035 434 1121 μέρος
452 1043 511 1116 τῆς
527 1039 725 1117 κατηγορίας
746 1035 921 1120 διατριβὴν
939 1045 1129 1120 παρασχεῖν.
1163 1031 1246 1120 (37.)
1266 1031 1302 1098 Ὁ
1316 1031 1431 1116 μέντοι

278 1133 472 1208 Μουνάτιος
497 1131 559 1198 ούκ
581 1130 715 1218 ἀπιστίη
743 1143 805 1198 τοῦ
828 1133 1003 1216 Κάτωνος,
1030 1131 1099 1198 ἀλλ’
1127 1131 1255 1198 ἐκείνου
1277 1127 1338 1212 μέν
1364 1131 1431 1194 ὀλι-

277 1235 384 1318 γωρίᾳ
404 1232 488 1317 πρὸς
512 1231 629 1314 αὑτόν,
650 1233 757 1296 αὑτοῦ
779 1229 820 1296 δέ
840 1253 906 1296 τινι
936 1233 1114 1318 ζηλοτυπία
1136 1233 1219 1352 πρὸς
1244 1231 1303 1294 τὸν
1325 1231 1430 1294 Κανί

278 1331 393 1395 διον”
380 1340 504 1413 ιστορεῖ
521 1327 679 1410 γενέσθαι
698 1331 759 1414 τὴν
781 1329 895 1416 ὀργήν.
944 1329 999 1392 καί
1021 1331 1083 1416 γάρ
1109 1329 1208 1404 αὐτὸς
1233 1329 1431 1410 σύγγραμμα

132 1445 136 1455 ’
236 1450 265 1488 10
277 1429 351 1513 περι
380 1437 441 1492 τοῦ
468 1427 628 1502 Κάτωνος
656 1425 876 1518 ἐξέδωκεν,
858 1455 883 1494 ω
906 1427 1048 1508 μάλιστα
1077 1427 1225 1514 Θρασέας
1251 1425 1430 1510 ἐπηκολού

277 1533 371 1610 θησε.
402 1525 504 1608 Λέγει
521 1521 599 1590 δε’
578 1542 715 1610 υστερος
734 1551 796 1612 μεν
816 1527 863 1602 είς
880 1527 1020 1610 Κύπρον
1040 1523 1221 1612 ἀφικέσθαι
1242 1527 1296 1590 καί
1316 1527 1431 1608 λαβεῖν

276 1623 552 1709 παρημελημένην
571 1623 693 1708 ξενίαν,
710 1623 823 1690 ἐλθὼν
841 1625 880 1690 δέ
897 1623 951 1688 ε’πί
969 1623 1079 1710 θύρας
1094 1623 1292 1708 ἀπωσθῆναι
1308 1639 1430 1686 σκευω-

277 1723 445 1807 ρουμένου
467 1747 501 1786 τι
521 1731 583 1786 τοῦ
602 1721 763 1800 Κάτωνος
785 1729 874 1788 οῖκοι
895 1725 958 1786 σὺν
978 1729 1021 1810 τῷ
1038 1725 1200 1812 Κανιδίῳ,
1219 1721 1431 1806 μεμψάμενος

278 1821 316 1888 δὲ
338 1825 477 1907 μετρίως
502 1820 541 1884 ού
566 1823 700 1904 μετρίας
725 1831 839 1904 τυχεῖν
868 1821 1080 1904 ἀποκρίσεως,
1105 1821 1154 1886 ὅτι
1180 1821 1370 1886 κινδυνεύει
1391 1821 1429 1884 τὸ

236 1941 263 1980 ιε
277 1923 353 1986 λίαν
373 1927 496 2004 φιλεῖν,
518 1919 565 1996 ὥς
581 1935 663 2002 φησι
686 1923 907 2004 θεόφραστος,
933 1925 1042 1984 αῖτιον
1061 1929 1121 1984 τοῦ
1138 1929 1250 2004 μισεῖν
1270 1923 1428 2002 γίνεσθαι

275 2019 448 2094 πολλάκις·
485 2015 588 2082 (Ἐπεὶ
612 2015 667 2082 καὶ
692 2019 761 2102 σύ’,
785 2019 900 2102 φάναι,
934 2019 989 2106 ετῷ
1015 2019 1154 2100 μάλιστα
1187 2023 1300 2102 φιλεῖν
1327 2013 1430 2100 ἧττον

276 2121 429 2202 οἰόμενος
456 2115 475 2200 ἢ
505 2119 662 2202 προσήκει
692 2125 851 2199 τιμᾶσθαι
881 2119 1094 2202 χαλεπαίνεις.
1138 2117 1288 2204 Κανιδίῳ
1314 2111 1351 2180 δέ
1374 2115 1429 2180 καὶ

277 2217 322 2280 δι’
348 2215 522 2302 ἐμπειρίαν
545 2225 674 2300 χρῶμαι
696 2215 752 2280 καὶ
770 2217 826 2280 διδι
845 2219 957 2280 πίστιν
977 2215 1099 2302 ἑτέρων
1119 2219 1255 2300 μάλλον,
1274 2211 1308 2292 ἐξ
1326 2213 1429 2300 ἀρχῆς

276 2313 338 2398 μὲν
362 2313 546 2400 ἀφιγμένῳ,
574 2319 710 2402 καθαρῷ
734 2315 771 2378 δὲ
794 2313 1012 2400 φαινομένῳ’.
1056 2319 1165 2380 Ταῦτα
1188 2313 1301 2394 μέντοι
1323 2317 1430 2396 μόνον

236 2435 263 2473 20
276 2415 366 2503 αὐτῷ
386 2415 475 2497 μόνῳ
503 2409 719 2497 διαλεχθέντα
749 2413 809 2479 τὸν
830 2415 974 2479 Κάτωνα
998 2415 1079 2497 πρὸς
1101 2415 1159 2479 τὸν
1180 2413 1344 2479 Κανίδιον
1365 2409 1429 2489 ἐξε-

276 2526 416 2597 νεγκεῖν.
453 2514 654 2595 αἰσθόμενος
683 2507 745 2577 οὖν
771 2512 873 2589 αὐτὸς
896 2514 973 2577 ούτε
998 2510 1051 2577 ε’πὶ
1074 2514 1210 2579 δεῖπνον
1236 2514 1282 2575 έτι
1308 2520 1430 2593 φοιτᾶν

277 2614 352 2677 οὔτε
382 2614 571 2695 σύμβουλος
595 2612 780 2677 ὑπακούειν
808 2610 1020 2693 καλούμενος.
1064 2612 1279 2687 ἀπειλοῦντος
1309 2608 1345 2673 δὲ
1369 2620 1429 2675 τοῦ

276 2710 475 2794 Κάτωνος,
458 2711 569 2795 ιόσπερ
587 2710 727 2773 ειόθασι
748 2719 814 2774 τῶν
834 2706 1111 2793 ἀπειθούντων,’
1094 2708 1234 2793 ενέχνρα
1251 2712 1428 2791 λήψεσθαι,

275 2806 381 2893 μηδεν
406 2810 589 2894 φροντίσας
617 2806 794 2873 ἐκπλεῦσαι
823 2808 879 2873 καί
906 2812 1015 2875 πολὺν
1035 2812 1222 2927 χρόνονν
1188 2806 1222 2873 ἐν
1248 2806 1329 2893 ὀργη
1356 2810 1426 2873 δια-

235 2929 262 2969 25
275 2912 396 2971 τελεῖν
430 2912 501 2971 είτα
518 2916 577 2989 τῆς
598 2910 757 2990 Μαρκίας
778 2904 841 2994 (έτι
867 2908 929 2989 γάρ
953 2904 1093 2995 σννςόκει
1119 2914 1162 2995 τῷ
1184 2902 1330 2991 Κάτωνι)
1358 2908 1429 2969 δια

276 3008 451 3091 λεχθείσης
476 3016 588 3089 τυχεῖν
617 3028 679 3086 μεν
705 3006 769 3071 ὑπὸ
800 3004 913 3089 Βάρκα
944 2972 1165 3089 κεκλημένους
1194 3004 1247 3071 ἐπὶ
1278 3008 1429 3087 δεῖπνον,

276 3106 471 3169 εἰσελθόντα
496 3100 531 3167 δε
554 3102 697 3186 ὕστερον
717 3106 778 3169 τὸν
798 3104 942 3169 Κάτωνα
963 3114 1031 3167 τῶν
1056 3106 1165 3169 ἀλλων
1185 3102 1429 3185 κατακειμένων

276 3200 412 3287 ἐρωτᾶν,
438 3202 522 3267 όπον
545 3204 769 3285 κατακλιθείη.
807 3210 868 3267 τοῦ
892 3198 930 3265 δέ
953 3202 1068 3287 Βάρκα
1089 3204 1318 3285 κελεύσαντος,
1341 3202 1428 3265 ὅπου

275 3300 447 3382 βούλεται,
473 3299 762 3384 περιβλεψάμενον
788 3304 904 3383 εἰπεῖν,
935 3300 985 3365 ότι
1009 3304 1098 3387 παρά
1123 3302 1326 3367 Μουνάτιον.
1374 3302 1429 3365 καί

235 3424 263 3463 εο
275 3402 498 3484 περιελθόντα
525 3401 669 3481 πλησίον
701 3400 805 3463 αὐτοῦ
834 3404 1089 3483 κατακλιθῆναι,
1121 3400 1221 3465 πλέον
1253 3396 1289 3463 δέ
1317 3394 1429 3483 μηθὲν

275 3498 594 3583 φιλοφρονήσασθαι
618 3499 706 3583 παρὰ
728 3500 766 3563 τὸ
789 3499 936 3563 δεῖπνον.
969 3498 1054 3565 ἀλλδι
1077 3500 1179 3565 πάλιν
1196 3508 1254 3581 τῆς
1271 3498 1429 3583 Μαρκίας

275 3596 434 3679 δεομένης
455 3598 515 3661 τὸν
541 3592 602 3679 μὲν
626 3598 769 3661 Κάτωνα
795 3598 921 3681 γράψαι
949 3598 1031 3683 πρὸς
1062 3598 1177 3679 αὐτόν,
1204 3598 1249 3673 ὡς
1276 3594 1429 3681 ἐντυχεῖν

275 3718 307 3759 τι
330 3696 546 3778 βουλόμενον,
571 3694 670 3769 αὐτὸς
694 3692 730 3757 δέ
753 3696 845 3778 ἥκειν
871 3694 976 3761 ἕωθεν
1002 3698 1048 3771 είς
1071 3698 1131 3779 τὴν
1154 3696 1263 3759 οἰκίαν
1287 3692 1341 3759 καὶ
1360 3694 1426 3759 ὑπὸ

275 3802 332 3877 τῆς
350 3796 507 3877 Μαρκίας
527 3802 781 3877 κατασχεθῆναι,
806 3792 899 3879 μέχρι
923 3794 1043 3869 πάντες
1068 3794 1314 3877 ἀπηλλάγησαν,
1338 3794 1426 3859 οὕτω

235 3916 262 3955 35
276 3888 314 3957 δέ
336 3894 532 3955 εἰσελθόντα
556 3892 616 3955 τὸν
634 3892 776 3957 Κάτωνα
798 3890 853 3955 καί
873 3892 1093 3977 περιβαλόντα
1119 3892 1175 3969 τάς
1194 3904 1304 3975 χεῖρας
1322 3890 1426 3975 ἀμφο-

275 3988 373 4074 τέρας
395 3988 609 4055 ἀσπάσασθαι
632 3988 688 4054 καὶ
712 3996 1006 4109 φιλοφρονεῖσθαι.

366 4088 462 4154 3.Pl
425 4096 503 4153 Ρῖαῖ.
525 4092 589 4153 θαι.
608 4096 680 4153 mm
699 4092 744 4153 25
765 4082 890 4153 Είια”
873 4112 970 4173 εγημε
998 4092 1087 4169 [Cato
1061 4094 1144 4155 ιλ
1166 4094 1268 4153 Μανιί
1269 4092 1294 4171 ι’]
1269 4096 1427 4171 ιθυγα

275 4186 352 4270 τέρα
386 4188 555 4250 Φιλίππου
587 4188 761 4271 Μαρκίαν,
794 4186 919 4271 ε’πιεικη
953 4188 1123 4253 δοκοῦσαν
1155 4212 1242 4253 ειναι
1272 4198 1426 4271 γυναῖκα,

368 4344 397 4399 3.
417 4347 516 4399 Κιεί
491 4346 598 4399 etiamr
590 4362 623 4397 ιπ
640 4344 699 4399 rhet
689 4352 776 4399 έοπιικι
797 4348 825 4399 ίι
827 4346 871 4399 ἀπε
888 4346 1021 4401 ἀεσίαπιαῖ
984 4350 1041 4399 ιαῖα
1061 4352 1104 4399 est.
1140 4346 1256 4415 ῼιιίῖκίλ
1270 4348 1326 4399 ΙΙΙ
1342 4350 1369 4413 5,
1383 4350 1426 4399 11.

275 4414 349 4482 X5,
365 4420 416 4483 13·
442 4416 501 4469 νιά.
515 4418 669 4471 Πνκνιακπ
686 4420 742 4471 HI
753 4434 781 4485 μ
798 4420 852 4471 107
862 4434 897 4487 εη
