3234 4950
276 408 375 453 [ΜΠ
524 384 572 437 DE
592 384 824 439 summutavit
843 382 936 437 Viris
955 382 1001 435 ET
1022 382 1177 435 scateam

274 552 387 613 lubrico
406 561 495 613 tenus
512 552 589 611 bello
609 570 666 611 nec
684 546 772 613 ultra'
794 552 1003 627 composuisse,
1023 550 1053 609 id
1073 558 1119 609 est
1136 568 1232 629 usque
1251 550 1287 609 ad
1311 568 1422 609 aunum

273 648 402 729 25l729,
419 650 496 711 ultra
514 668 603 727 quem
619 653 766 729 Augustus
788 650 891 707 cinon
914 648 1048 709 1111111111
1067 666 1182 727 quoque
1202 650 1311 707 iterum
1331 648 1366 705 ab
1387 666 1421 707 eo

272 750 376 807 lanum
394 748 528 807 clausum
548 768 614 809 esse
633 756 749 807 constat
762 746 861 818 1111111.
875 748 990 823 Ancyr.
1006 750 1051 807 ed.
1071 738 1250 807 attentarent
1266 766 1300 821 p.
1320 740 1420 829 50).1)

272 846 371 905 Libris
394 864 429 905 ea
448 846 619 922 complexus
637 853 684 905 est
702 844 846 905 tredecim
864 846 958 915 (Suet.
975 848 992 903 l.
1006 864 1029 903 r.
1052 846 1134 903 Srrr'd.
1152 846 1173 903 I
1179 864 1212 921 p.
1235 842 1298 903 851
1317 846 1420 919 Bady)

271 946 486 1023 inscripsitque
508 952 624 1022 patrem
646 962 684 1003 ex
704 950 789 1021 parte.
818 942 949 1001 imitatus
975 938 1197 1001 ‘Commentarii
1229 942 1307 1001 uitae
1339 938 1420 1001 suae'

272 1042 326 1117 (cs.
342 1044 385 1119 fr.
405 1044 435 1101 5.
455 1044 485 1101 6.
504 1041 533 1101 8.
555 1044 604 1101 13.
626 1041 834 1117 111118),
861 1040 985 1101 fortasse
1009 1040 1119 1099 addens
1145 1038 1192 1099 ‘ad
1212 1038 1370 1117 Agrippam
1391 1048 1422 1099 et

270 1136 485 1199 blaecenatem’
500 1140 554 1215 (fr.
569 1142 615 1218 6),
629 1148 661 1198 ut
681 1147 709 1197 11
729 1148 845 1217 gratum
866 1140 996 1197 animum
1016 1140 1197 1215 signiticaret
1218 1146 1246 1197 11
1265 1138 1302 1197 ad
1316 1158 1420 1197 eorum

271 1238 441 1297 testimonia
469 1240 671 1298 narrationem
694 1256 777 1297 suam
808 1238 942 1297 referret.
982 1236 1080 1313 lpsum
1106 1254 1178 1313 opius
1202 1254 1261 1295 uon
1286 1236 1420 1315 hahebat,

270 1354 325 1395 cur
348 1344 517 1413 excusaret,
541 1354 609 1395 naui
633 1338 723 1395 etiam
747 1343 810 1395 tum
832 1336 888 1395 boc
912 1334 1038 1395 fiduciae
1061 1338 1160 1413 potius
1189 1354 1305 1395 morum
1330 1354 1419 1413 quam

270 1433 459 1511 adrogantiae
484 1452 551 1493 esse
574 1436 662 1507 (Tac.
682 1436 756 1509 1191.
778 1434 812 1507 I)
832 1434 930 1511 potuit
948 1434 1086 1493 arbitrari
1105 1434 1153 1491 uel
1173 1432 1269 1493 uideri
1291 1452 1320 1491 se
1343 1434 1419 1491 arbi-

268 1534 351 1609 trari7
375 1550 432 1591 nec
452 1530 526 1591 illud
551 1551 567 1591 a
589 1530 804 1592 consuetudine
824 1530 1001 1591 abhorrebat
1019 1530 1130 1609 Rutilii,
1151 1532 1262 1609 Scauri,
1284 1530 1419 1593 Caesaris

271 1628 437 1707 dictatoris
465 1638 501 1689 ut
526 1631 670 1707 quasdam
697 1649 747 1689 res
773 1628 897 1689 tacendo
924 1630 1120 1707 oblitterabit,
1148 1630 1219 1689 alias
1246 1628 1421 1689 obscuraret

270 1728 320 1787 uel
337 1735 467 1787 mutaret
485 1728 533 1788 uel
555 1728 726 1789 defenderet
745 1728 793 1787 uel
814 1736 935 1807 augeret
952 1728 1002 1789 uel
1022 1736 1185 1789 exornaret.
1217 1736 1301 1787 eraut
1319 1738 1419 1789 autem

270 1824 373 1905 multa,
396 1824 434 1885 ad
456 1844 540 1904 quae,
566 1834 600 1886 ut
624 1846 690 1887 cum
715 1826 826 1887 Seneca
856 1827 957 1903 loquar
983 1830 1034 1899 {de
1058 1828 1260 1903 11111111),
1287 1830 1350 1905 ipse
1373 1830 1418 1887 iu-

269 1926 351 1983 uit-us
376 1924 476 1983 oculos
501 1922 698 2003 retorquebat,
721 1926 850 1983 maxime
875 1942 922 1983 res
946 1944 961 1983 a
987 1924 1081 1983 tribus
1106 1926 1180 1983 uiris
1203 1932 1315 2003 gestae,
1346 1944 1418 2003 quas

267 2032 410 2101 quantum
431 2024 495 2101 ipse
514 2028 689 2101 aspernatus
712 2026 752 2083 sit
773 2031 861 2102 atque
886 2040 901 2081 a
928 2042 980 2083 sua
1002 2040 1127 2101 persona
1148 2024 1295 2101 reiecerit,
1318 2024 1332 2081 l
1348 2070 1354 2083 .
1376 2020 1415 2083 1¹1

268 2128 371 2199 aperte
394 2119 616 2181 demonstratur
638 2124 738 2192 (Piera
759 2124 777 2181 l.
797 2142 819 2181 r.
833 2142 868 2199 p.
888 2122 1029 2197 libra).
1056 2120 1107 2181 sed
1130 2128 1239 2201 spuanta
1255 2142 1329 2181 ¹cum
1355 2132 1418 2183 arte

266 2220 298 2277 in
327 2238 361 2277 ea
389 2238 422 2277 re
449 2222 568 2279 uersari
595 2221 739 2298 potuerit,
762 2238 799 2277 ex
822 2226 1014 2279 monumento
1039 2220 1191 2297 Aucprauo
1216 2220 1416 2281 manufestum

266 2324 313 2376 est
336 2320 533 2389 (Gescbicbtt.
555 2318 625 2379 Lat.
644 2318 666 2375 I
679 2336 711 2393 p.
733 2318 798 2377 156
812 2336 853 2391 sa.
890 2320 1105 2379 Gardthausen
1129 2320 1205 2393 naa.
1228 2320 1248 2377 1
1264 2336 1299 2393 p.
1319 2318 1416 2379 1281.

266 2418 307 2476 H
317 2434 351 2492 p.
367 2416 435 2492 87),
454 2414 532 2494 quod
553 2434 662 2476 aunum
683 2418 933 2494 septuagesimum
955 2434 1046 2494 agens
1069 2418 1243 2494 composuit,
1267 2436 1334 2476 cum
1361 2412 1416 2476 ‘di-

265 2515 377 2592 gnitate
395 2515 533 2576 omnibus
553 2511 729 2592 praestaret'
745 2516 841 2587 (Mon.
858 2515 933 2576 Arae.
949 2533 976 2584 c.¹
994 2515 1060 2588 34).
1084 2515 1172 2574 latius
1190 2515 1292 2574 hercle
1315 2515 1416 2574 liberi·

265 2632 360 2692 usque
389 2617 507 2674 iuuenis
535 2613 788 2692 quadragenarius
815 2617 844 2672 iu
876 2615 936 2672 uita
966 2631 1017 2674 sua
1044 2613 1232 2692 proponenda
1256 2615 1416 2692 exspatiari

263 2719 392 2789 poterat,
421 2713 450 2770 iu
480 2731 550 2790 (pua,
577 2720 612 2770 ut
638 2711 723 2788 plura
748 2715 861 2770 recenti
884 2711 996 2770 inuidia
1024 2711 1197 2788 flagrabant,
1226 2713 1265 2770 ita
1291 2711 1325 2770 ad
1351 2731 1414 2772 eam

265 2809 511 2888 exstinguendam
529 2809 615 2888 plura
634 2809 764 2870 remedia
784 2809 990 2890 suppetebant,
1011 2827 1068 2870 nou
1088 2809 1176 2870 ruodo
1194 2813 1308 2886 ingenii
1326 2817 1415 2888 atque

265 2909 433 2986 sagacitatis
460 2909 513 2968 sed
541 2911 630 2968 etiam
658 2910 730 2968 artis
755 2907 873 2968 dicendi
896 2927 932 2968 ex
956 2909 1108 2968 rhetorum
1134 2907 1289 2986 disciplina
1313 2909 1413 2986 petita.

263 3007 366 3084 ltaque
388 3025 464 3084 quae
488 3009 519 3066 iu
542 3007 642 3066 indice
665 3007 783 3067 silentio
808 3007 989 3084 1111111111
1007 3009 1069 3066 uita
1088 3007 1206 3082 copiose
1229 3013 1414 3084 exposuerat,

265 3103 366 3164 diuino
394 3107 518 3164 consilio
547 3125 579 3166 se
607 3112 705 3164 ortum
730 3105 839 3182 (11.2)
867 3111 894 3164 et
919 3111 1069 3166 seruatum
1094 3123 1159 3164 esse
1185 3105 1242 3180 (fr.
1267 3099 1323 3188 10)
1351 3107 1412 3164 aui-

263 3221 400 3280 mamquc
429 3205 521 3280 patris
553 3203 687 3262 Caesaris
713 3205 795 3263 inter
819 3203 940 3262 deorum
965 3203 1176 3262 immortalium
1199 3205 1320 3262 numina
1347 3221 1413 3262 esse

264 3300 413 3378 receptam
439 3303 497 3376 (fr.
516 3303 561 3379 1),
584 3319 711 3380 quacum
736 3303 849 3360 ratione
874 3301 935 3360 lere
959 3305 1109 3382 congruit7
1138 3301 1215 3378 quod
1244 3301 1305 3360 illic
1328 3319 1413 3360 exer·

264 3403 356 3458 citum
380 3401 498 3478 priuato
520 3401 644 3460 consilio
668 3403 842 3478 priuataque
869 3403 1034 3478 impensae
1057 3419 1085 3460 se
1112 3407 1314 3478 coinparatum
1333 3419 1412 3458 rem·

264 3515 322 3574 que
344 3497 495 3574 publicam
519 3498 717 3558 dominatione
742 3499 879 3556 factionis
902 3517 1074 3576 oppressam
1100 3499 1131 3556 11
1153 3497 1322 3558 libertatem
1346 3499 1411 3558 uiu-

265 3595 389 3654 dicatam
414 3614 481 3654 esse
502 3597 642 3674 gloriatus
662 3603 707 3656 est
727 3599 766 3668 (c.
782 3590 818 3678 I)
839 3599 996 3674 omniaque
1015 3595 1052 3654 ad
1076 3615 1107 3658 se
1131 3613 1272 3674 suamque
1295 3595 1411 3656 laudem

263 3697 425 3754 reuocauit.
463 3693 571 3754 deiude
594 3713 662 3754 cum
685 3693 747 3754 illie
769 3713 819 3754 res
843 3715 859 3754 a
883 3711 914 3752 se
939 3701 1035 3772 gestas
1061 3695 1242 3772 capitulatim
1265 3697 1352 3772 quasi
1375 3715 1411 3754 ex

265 3795 419 3870 superiore
448 3793 512 3852 loco
541 3793 738 3870 perlustraret
764 3800 794 3850 et
823 3791 1100 3870 comprehenderet,
1129 3793 1178 3852 liic
1205 3811 1255 3852 eas
1280 3811 1326 3870 eo,
1353 3811 1410 3872 quo

262 3898 361 3968 gestae
394 3899 480 3950 erant
511 3891 615 3951 ordine
646 3891 882 3970 persequebatur
914 3899 943 3950 et
975 3895 1042 3952 ante
1076 3891 1177 3952 oculos
1209 3909 1323 3970 eorum,
1360 3895 1410 3972 qui

262 3989 410 4068 legerent,
440 3990 616 4068 explicabat,
646 3989 725 4066 (ruod
763 3997 795 4048 ut
833 3991 978 4068 alliceret,
1018 3989 1175 4050 Caesarem
1211 3991 1343 4050 imitatus
1372 4009 1410 4050 11

262 4087 446 4146 orationibus
473 4087 592 4168 quidem
619 4105 720 4148 carere
745 4087 850 4166 uoluit,
877 4107 1001 4166 quarum
1025 4087 1191 4166 exemplum
1215 4089 1409 4152 artificiosum

352 4316 378 4381 1)
396 4311 421 4366 N
424 4313 498 4366 cacia
517 4331 573 4381 quo
590 4313 651 4366 iure
664 4311 767 4366 Nissen
781 4313 812 4366 in
826 4331 894 4366 mus
911 4315 999 4376 Rben.
1013 4319 1047 4366 41
1063 4331 1087 4382 p.
1100 4319 1149 4366 aaa
1166 4313 1254 4368 libros
1268 4331 1357 4382 usque
1372 4315 1408 4366 ad

262 4411 366 4445 annum
382 4394 487 4463 its'ii't
506 4395 524 4446 1.
538 4411 564 4446 e.
578 4411 666 4462 usque
682 4393 717 4444 ad
731 4393 923 4462 principatum
938 4393 1120 4446 constitutum
1134 4393 1304 4462 pertinuisse
1322 4393 1407 4448 dicat.
