3234 4950
682 387 811 444 FABIVS
830 386 1004 444 ataricus
1306 408 1416 456 chxnl

265 553 436 618 recentibus
460 555 536 618 ediis
561 561 722 638 composita
746 561 793 638 sit,
812 560 870 618 sibi
892 567 927 618 ut
943 561 988 618 ira
1007 567 1057 618 aut
1077 555 1175 618 studio
1193 577 1289 618 uacuo
1307 561 1413 618 tertiae

265 655 426 716 tradendae
451 659 658 718 necessitatem
682 661 765 736 quasi
791 661 957 738 impositam
979 675 1045 718 esse
1064 659 1265 716 ratiocinetur.
1300 657 1414 715 similli-

265 773 347 816 mum
373 763 417 816 est
439 759 624 834 prooemium
648 757 849 835 historiarum,
871 759 931 816 nisi
949 755 1030 834 quod
1052 757 1114 816 hiat
1136 754 1247 816 lacurta.
1274 773 1342 816 nam
1364 773 1414 814 res

264 873 360 932 usqne
385 855 421 912 ad
445 873 467 912 a.
486 849 524 914 68
529 851 620 936 teat,
639 863 738 932 gestas
760 873 776 914 a
800 855 924 916 multis
947 855 1119 914 auctoribus
1142 853 1249 914 relatas
1275 873 1340 914 esse
1364 873 1413 912 ex·

265 955 356 1032 ponit,
380 951 524 1014 libertatis
551 945 677 1036 (primae
702 950 821 1038 aetatis)
847 957 912 1034 pari
938 953 1106 1032 eloquentia
1129 971 1164 1012 ac
1188 951 1335 1032 libertate,
1359 955 1413 1012 im-

265 1059 437 1130 peratorum
456 1041 489 1134 (i.
505 1071 528 1110 e.
547 1053 666 1112 alterius
687 1059 715 1110 et
736 1047 865 1134 tertiae),
883 1071 950 1112 cuin
973 1071 1076 1130 magna
1103 1053 1221 1128 ingenia
1243 1053 1414 1130 cessissent,

264 1153 391 1210 ueritate
417 1151 542 1212 infracta
566 1171 633 1212 cum
657 1153 773 1212 inscitia
800 1155 843 1210 rei
862 1169 889 1230 p.
910 1159 975 1212 tum
993 1152 1191 1210 assentatione
1216 1157 1266 1210 aut
1290 1149 1366 1229 odio,
1384 1158 1416 1210 at

265 1267 307 1326 se,
326 1267 393 1308 cum
415 1247 512 1328 Galba,
532 1249 617 1328 Otho,
632 1249 764 1310 Vitellius
786 1269 841 1312 nec
860 1249 1004 1308 beneficio
1024 1269 1079 1308 nec
1098 1251 1207 1308 iniuria
1227 1247 1285 1308 sibi
1303 1251 1416 1326 cogniti

265 1349 325 1406 sint
345 1347 530 1426 dignitasque
552 1367 604 1408 sua
624 1369 638 1408 a
658 1347 766 1408 Flauiis
788 1347 894 1426 adiuta,
914 1347 1105 1408 ambitionem
1124 1357 1224 1408 autem
1241 1347 1326 1408 laoile
1348 1349 1415 1428 quis

265 1453 434 1524 auersetur,
462 1445 686 1508 obtrectationis
715 1447 824 1506 nullam
859 1465 978 1507 causam
1008 1447 1132 1525 habere,
1162 1449 1260 1524 itaque
1291 1467 1334 1526 se,
1363 1449 1416 1524 qui

265 1545 466 1622 incorruptam
497 1545 582 1606 tidem
618 1547 803 1624 profiteatur,
836 1565 933 1624 neque
964 1564 1030 1606 curn
1060 1563 1161 1605 amore
1183 1563 1362 1624 queniquam
1385 1553 1416 1604 et

266 1645 329 1704 sine
364 1643 430 1704 odio
463 1643 563 1704 dicere
595 1663 691 1724 posse,
724 1647 925 1724 principatum
956 1652 1055 1704 autem
1087 1643 1203 1704 Neruae
1234 1664 1266 1704 ac
1295 1643 1416 1704 Traiani

266 1745 412 1802 senectuti
442 1745 620 1822 seposuisse.
657 1763 732 1824 quae
761 1743 786 1802 si
811 1743 1051 1824 perlustraueris,
1078 1761 1196 1804 eausam
1223 1743 1416 1821 desiderabis,
1497 1763 1503 1775 ·

267 1859 320 1900 cur
343 1841 461 1902 Tacitus
487 1861 545 1902 non
570 1861 636 1902 cum
661 1843 791 1920 Angusto
816 1841 870 1902 sed
895 1861 963 1902 cum
993 1840 1127 1902 kalendis
1150 1861 1176 1902 a.
1191 1839 1317 1921 esseae
1342 1843 1416 1902 scri·

266 1939 355 1998 hendi
392 1941 510 2000 initium
548 1941 659 2000 fecerit.
706 1943 867 2000 scitissime
903 1943 996 2018 igitur
1031 1939 1064 2000 Ο.
1093 1941 1187 2000 Seeck
1220 1943 1270 2013 (m.
1295 1941 1353 2002 aa.
1372 1942 1416 1998 56

260 2059 293 2116 p.
310 2033 506 2122 227-232t
519 2039 665 2122 historias
680 2037 817 2100 edentem
835 2057 904 2100 eum
925 2037 1003 2100 aliud
1024 2057 1108 2118 opus,
1129 2059 1186 2118 spuo
1205 2059 1254 2100 res
1273 2039 1416 2100 loliorum

268 2145 296 2198 et
325 2137 513 2198 Claudiorum
547 2157 641 2218 usque
676 2137 710 2198 ad
745 2145 899 2198 exeuntem
931 2157 953 2198 a.
979 2133 1104 2217 68s821
1133 2139 1192 2198 iam
1221 2141 1286 2198 sine
1313 2141 1359 2198 ira
1386 2147 1417 2198 et

268 2237 365 2298 studio
394 2241 521 2316 scriptae
553 2255 618 2298 esse
645 2235 829 2316 uiderentur,
859 2255 918 2296 non
942 2237 1035 2298 solum
1060 2239 1091 2296 in
1115 2236 1252 2298 manibus
1274 2237 1416 2298 habuisse

268 2335 320 2396 sed
352 2337 440 2396 etiam
469 2331 690 2420 continuasse&
721 2337 861 2414 coniecit,
893 2344 957 2394 tum
986 2355 1071 2414 noro,
1100 2355 1168 2396 cnm
1195 2336 1315 2396 annales
1348 2355 1416 2396 cum

266 2435 398 2495 historiis
428 2453 485 2495 uno
515 2439 603 2515 opere
634 2437 840 2515 coniungeret,
871 2454 906 2495 ne
936 2437 999 2515 ipse
1033 2453 1134 2495 seeum
1163 2444 1321 2515 pugnaret,
1351 2437 1416 2497 eins

267 2536 449 2593 mentionem
484 2534 640 2613 expulisse.
688 2552 845 2595 cuntorum
878 2542 977 2593 autem
1014 2554 1118 2593 eorum
1152 2537 1345 2613 scriptorum,
1379 2536 1416 2593 de

268 2632 375 2713 quibus
400 2636 521 2713 cogitari
547 2642 653 2713 posset,
680 2634 721 2695 eis
742 2632 912 2693 nominibus
933 2634 1086 2711 coritiueri,
1113 2652 1186 2713 qnae
1205 2636 1237 2693 in
1261 2632 1416 2695 annalibus

268 2732 333 2791 Xlll
356 2728 399 2791 20
423 2740 455 2791 ut
478 2730 778 2811 locupletissimorum
808 2741 960 2791 auctorum
986 2731 1167 2809 protulisset,
1189 2732 1272 2791 Fabii
1292 2734 1416 2810 Rustici,

267 2830 364 2909 Plinii,
391 2828 496 2891 Cluuii.
531 2832 613 2909 atqui
632 2830 761 2891 Plinium
783 2830 864 2891 ultra
885 2830 951 2891 illas
975 2830 1115 2891 kalendas
1137 2832 1170 2889 in
1193 2830 1326 2891 historiis
1348 2850 1417 2911 pro-

268 2948 403 3007 gressum
428 2946 494 2989 esse
516 2936 658 3007 constare,
680 2928 776 2989 uideri
796 2932 884 2989 etiam
901 2928 1041 2989 Cluuium
1062 2932 1078 3001 ί
1091 2974 1104 2987 ..
1117 2950 1149 3005 p.
1168 2932 1278 3007 erari),
1303 2938 1416 2989 restare

267 3030 359 3105 igitur
378 3028 500 3087 Fabium
518 3028 682 3089 Rusticum.
715 3028 767 3089 sed
787 3031 878 3087 etiam
895 3037 976 3087 certa
996 3035 1167 3105 argumenta
1186 3028 1288 3105 habeo,
1309 3028 1417 3105 quibus

268 3128 317 3187 hic
340 3130 402 3203 ipse
429 3126 659 3187 ccirnnendetur.
699 3146 767 3187 nam
790 3144 923 3205 causam,
948 3146 1015 3187 eum
1038 3126 1158 3187 Tacitus
1188 3126 1308 3187 annales
1334 3130 1416 3187 ineo·

268 3226 363 3303 haret,
394 3224 536 3285 deiecisse
567 3244 689 3285 necesse
717 3234 770 3303 esi,
799 3244 855 3303 qua
885 3224 1040 3285 duodecim
1070 3226 1131 3283 iere
1159 3228 1245 3285 annis
1274 3233 1356 3303 ante,
1382 3232 1418 3285 ut

268 3323 338 3383 illud
364 3342 438 3403 opus
462 3326 655 3403 continuaret,
679 3322 825 3403 impulsus
849 3332 938 3401 esset,
961 3340 1035 3401 quate
1061 3322 1095 3383 de
1120 3320 1223 3385 Cluuio
1249 3332 1299 3383 aut
1321 3324 1416 3385 Plinio

268 3422 347 3481 nulla
372 3424 502 3481 inueniri
524 3424 629 3499 potuit,
652 3430 750 3501 potest
774 3422 810 3481 de
833 3422 933 3501 FabiO,
957 3426 1009 3500 qui
1031 3442 1056 3483 a.
1079 3418 1141 3481 108
1165 3422 1213 3481 nel
1241 3418 1304 3481 109
1327 3426 1416 3483 etiam

268 3520 389 3581 uiuehat
412 3528 442 3581 et
464 3540 540 3583 unus
562 3540 595 3583 ex
616 3520 704 3581 Plinii
723 3524 834 3601 amicis,
854 3530 917 3581 tum
937 3529 1034 3581 autem
1055 3520 1212 3581 admodum
1234 3540 1325 3581 senex
1344 3530 1416 3599 erat,

268 3628 301 3679 ut
334 3620 384 3679 diu
416 3640 485 3679 curn
517 3622 609 3679 uitam
643 3638 821 3699 propagasse
851 3638 957 3697 parurn
991 3624 1029 3679 sit
1057 3622 1123 3679 ueri
1149 3620 1260 3698 simile,
1288 3622 1326 3681 ad
1351 3623 1416 3679 eius

270 3726 366 3779 autem
396 3720 506 3779 mortui
533 3716 689 3779 historiam
712 3718 832 3779 Tacitus
859 3718 1118 3795 redintegrandam
1141 3718 1283 3779 incolumi
1307 3722 1416 3799 pietate

268 3826 301 3877 ut
326 3816 477 3877 accederet
508 3818 591 3877 lacile
616 3836 632 3877 a
655 3836 687 3877 se
715 3818 876 3895 impetrare
902 3820 1041 3895 potuerit,
1071 3820 1247 3895 praesertim
1275 3836 1343 3877 eum
1367 3816 1416 3877 ille

271 3918 395 3977 crimine
427 3916 500 3993 odii,
532 3924 611 3975 certe
647 3916 680 3975 de
710 3914 841 3995 Nerone,
875 3934 935 3975 non
966 3925 1082 3975 careret
1110 3920 1152 3989 (a,
1169 3916 1211 3991 fr.
1227 3916 1272 3990 2).
1315 3924 1417 3977 contra

270 4014 336 4075 talis
365 4034 454 4075 causa
486 4012 590 4075 Cluuio
625 4014 713 4075 deest.
752 4034 821 4073 nam
850 4025 886 4075 nt
917 4018 981 4075 eius
1010 4015 1149 4075 historias
1184 4018 1262 4075 intra
1288 4013 1416 4075 Neronis

271 4116 426 4191 imperium
453 4112 619 4173 substitisse
644 4132 722 4173 unire
747 4128 900 4193 partemue,
924 4111 1062 4173 facundia
1084 4114 1148 4173 eius
1171 4132 1230 4171 aion
1255 4114 1332 4175 clara
1351 4115 1416 4193 l'nit,

271 4230 344 4291 elnae
373 4216 399 4271 si
427 4212 543 4289 inisset,
574 4212 651 4289 Apro
680 4214 710 4271 in
742 4210 855 4289 dialogo
885 4230 907 4271 a.
930 4205 1054 4289 74s82'l
1083 4230 1153 4291 prae
1183 4212 1297 4271 Aufidio
1327 4212 1416 4271 Basso

360 4430 386 4497 1)
407 4428 465 4483 linc
483 4428 540 4481 iem
559 4428 661 4481 Nissen
679 4446 716 4483 m.
730 4428 782 4481 nh.
799 4432 834 4483 36
851 4446 880 4495 p.
895 4433 948 4481 498
966 4430 1116 4499 perspexit.

1147 4518 1203 4571 XI*
