3234 4950
319 342 375 387 m
561 320 608 371 DE
630 318 857 373 sempronia
878 320 969 371 l'lTlS
990 320 1035 373 ΕΤ
1057 320 1211 371 sortieris

318 488 413 547 denuo
442 496 510 567 post
536 490 600 546 eius
629 495 759 545 mortun
778 480 936 569 (aalide)
965 496 995 547 et
1022 488 1178 547 uictoriam
1206 488 1367 565 statianam,
1396 506 1462 545 cum

316 586 496 647 Octauianus
524 588 583 645 iam
610 586 772 663 imperator
799 584 896 643 dictus
920 594 999 645 esset
1023 586 1096 659 (Aac
1115 586 1164 659 19,
1182 586 1224 659 2),
1252 584 1383 645 nondum
1405 586 1461 645 hrr-

316 692 433 761 gustus7
463 685 480 743 i.
507 704 531 743 6.
554 686 634 743 inter
660 702 754 743 annos
781 678 908 761 {llll‘ld
940 690 966 743 et
995 678 1136 763 altrat,
1164 684 1284 743 adnexis
1319 682 1463 763 capitibus

316 782 426 859 aliquot
448 775 618 863 (tan-22),
640 782 746 859 quihus
769 782 902 841 ultimam
927 788 1039 859 partem
1065 782 1143 841 uitae
1169 790 1353 859 mortemque
1380 800 1462 841 cnar-

317 882 403 958 rauit,
427 896 516 961 quam
539 878 660 957 quidem
684 878 805 939 alteram
831 878 988 939 editionem
1016 878 1170 957 descripsit
1190 878 1330 939 Aemilius
1349 878 1463 939 Probus

317 982 358 1051 (ir.
373 998 396 1037 s.
405 998 438 1054 p.
460 982 579 1051 xxxiii).

406 1076 464 1135 Sed
487 1078 624 1153 quamuis
646 1076 748 1135 multis
772 1076 924 1135 erroribus
948 1076 977 1133 hi
1008 1074 1076 1133 libri
1104 1076 1301 1153 abundarent,
1330 1078 1392 1153 ipsa
1421 1084 1463 1135 te-

316 1176 413 1235 nuitas
437 1176 611 1235 elocutionis
637 1183 664 1233 et
688 1174 820 1233 breuitas
844 1182 873 1233 et
897 1174 1071 1250 antiquariis
1098 1180 1128 1233 ei
1157 1172 1326 1233 siccioribus
1349 1176 1462 1235 adrisit.

316 1283 348 1333 ut
370 1274 463 1351 igitur
481 1274 600 1333 omnino
619 1272 717 1349 Nepos
738 1273 846 1331 litteris
871 1272 994 1349 insignis
1019 1270 1136 1331 habitus
1155 1280 1208 1349 est,
1233 1292 1288 1351 qua
1316 1272 1350 1331 de
1376 1292 1462 1331 causa

316 1372 483 1432 Herennius
499 1370 629 1432 Seuerus
646 1370 705 1431 ‘uir
724 1364 928 1429 doctissimus’
943 1370 1026 1427 initio
1046 1370 1167 1429 alterius
1190 1370 1298 1431 saeculi
1319 1390 1345 1449 p.
1357 1370 1424 1431 Chr.
1436 1390 1463 1429 n.

316 1473 380 1531 eius
403 1472 562 1547 imaginem
586 1472 616 1529 in
641 1468 818 1529 bibliotheca
842 1486 895 1527 sua
915 1470 1017 1547 posuit
1040 1470 1133 1539 (Ptin.
1157 1486 1203 1545 ep.
1217 1472 1239 1527 I
1244 1472 1269 1529 V
1283 1470 1335 1545 28,
1352 1472 1395 1547 I),
1421 1472 1463 1529 sic

317 1568 419 1629 eadem
443 1574 538 1629 aetate
562 1570 720 1629 Suetonius
742 1568 796 1627 hos
822 1566 911 1625 libros
938 1566 1008 1625 adiit
1028 1568 1085 1641 (fr.
1105 1568 1155 1625 11.
1178 1568 1299 1627 1216.
1322 1568 1386 1645 ts),
1410 1586 1464 1645 per

316 1686 405 1745 quem
428 1686 495 1727 eum
520 1670 603 1728 nouit
626 1670 758 1727 imitator
778 1666 974 1743 Hieronymus
1001 1666 1095 1739 (Prot.
1112 1668 1155 1725 od
1173 1668 1325 1727 Destruet
1343 1670 1376 1727 in
1395 1670 1463 1727 libr.

317 1771 354 1827 de
373 1771 433 1826 uir.
450 1770 489 1827 ill.
506 1768 544 1825 H
551 1786 587 1842 p.
600 1766 664 1825 821
688 1766 785 1842 Voti),
805 1766 856 1841 qui
881 1766 958 1823 inter
981 1782 1040 1841 eos,
1067 1764 1116 1841 qui
1142 1762 1176 1821 de
1201 1766 1275 1823 uiris
1298 1764 1464 1823 illustribus

316 1866 501 1943 scripserint,
526 1873 678 1925 enumerat
703 1860 791 1941 ‘apud
816 1862 933 1923 Latinos
954 1862 1123 1939 Varronem,
1149 1862 1291 1937 Santram,
1313 1862 1464 1943 Nepotem,

316 1958 486 2046 Hyginum'.
526 1982 597 2021 num
623 1962 798 2021 Plutarchus
829 1960 970 2039 Nepotem
1000 1964 1095 2037 ipsum
1126 1964 1288 2037 inspexerit
1314 1964 1366 2039 (fr.
1388 1964 1420 2021 d.¹
1437 1964 1462 2021 7.

317 2063 347 2121 9.
366 2062 432 2136 11)),
461 2062 534 2121 mihi
564 2060 684 2119 dubium
714 2068 771 2139 est,
797 2060 924 2119 maxime
955 2066 1076 2135 propter
1103 2060 1273 2119 societatem
1303 2068 1464 2137 auctorum,

319 2158 496 2237 quibuscum
522 2160 554 2219 lr.
576 2156 595 2219 6
619 2162 818 2237 coniungitur)
843 2166 871 2217 et
896 2164 1017 2237 propter
1034 2156 1182 2215 Valerium
1203 2156 1368 2237 Maximum,
1394 2178 1464 2237 quo·

320 2276 387 2319 cum
407 2258 441 2319 lr.
459 2254 485 2316 1.
524 2266 587 2317 turn
605 2256 717 2317 Gellius
734 2256 845 2315 librum
866 2256 901 2315 de
919 2254 1070 2315 historicis
1088 2252 1202 2315 Latinis
1221 2258 1274 2331 (fr.
1292 2258 1356 2333 14),
1378 2258 1464 2317 etiam

318 2358 440 2417 Seruius
466 2354 618 2415 ‘inlustres
647 2354 739 2415 uiros'
766 2356 868 2417 citauit
893 2356 945 2431 (ir.
965 2354 999 2425 8)
1025 2360 1053 2411 et
1083 2352 1117 2411 de
1146 2352 1234 2411 rebus
1267 2358 1464 2431 grammaticis

318 2456 470 2514 Charisius
493 2462 525 2514 et
544 2454 702 2514 lliomedes
721 2456 774 2531 (fr.
790 2456 901 2532 1-4),
920 2450 1027 2532 quibus
1050 2458 1171 2528 propter
1197 2460 1290 2512 certos
1318 2454 1396 2514 locos
1419 2456 1464 2514 in·

319 2554 429 2614 dicatos
448 2555 560 2632 primos
580 2571 720 2614 numeros
742 2553 843 2614 tribui.
876 2551 1040 2630 Ampelium
1066 2555 1162 2608 autem
1184 2557 1212 2610 et
1229 2551 1383 2612 Aurelium
1400 2553 1464 2614 Vic-

317 2661 420 2730 torem,
447 2671 515 2712 cum
538 2655 577 2712 de
599 2657 659 2712 uir.
677 2655 718 2712 tlt.
736 2652 846 2712 librum
870 2655 933 2730 ipse
955 2649 1106 2724 scriberet,
1128 2649 1320 2712 similitudine
1342 2671 1464 2730 operum

319 2751 354 2810 ad
378 2769 446 2810 emn
467 2749 607 2809 adductos
628 2769 693 2810 esse
713 2769 859 2810 consensu
881 2747 1065 2828 quorundam
1084 2745 1215 2806 locorum
1235 2747 1463 2834 coritirntarur.1)

319 2849 447 2928 denique
475 2851 506 2906 in
534 2847 618 2908 libris
647 2867 735 2908 manu
763 2851 882 2926 scriptis
905 2865 965 2906 non
989 2847 1084 2906 solum
1108 2851 1186 2904 totus
1211 2845 1285 2908 liber
1311 2849 1344 2910 de
1370 2851 1464 2910 ercol-

316 2947 449 3008 lentihus
478 2945 603 3006 ducibus
631 2956 798 3006 exterarum
829 2949 959 3024 gentium
983 2945 1035 3006 sed
1059 2943 1147 3002 etiam
1170 2955 1289 3018 praeter
1312 2949 1389 3008 uitas
1413 2949 1465 3008 lla·

318 3046 397 3106 tonis
424 3056 453 3106 et
480 3045 571 3104 Attici
599 3063 635 3104 ex
661 3045 745 3106 libris
775 3045 810 3104 de
844 3045 993 3104 historicis
1023 3045 1135 3106 Latinis
1167 3049 1197 3102 oi
1229 3045 1266 3106 de
1298 3045 1464 3108 oratoribus

318 3143 430 3204 Latinis
460 3144 587 3204 frustula
608 3145 753 3222 quaedam
775 3163 870 3222 usque
896 3143 930 3204 ad
954 3147 1127 3204 memoriam
1151 3153 1282 3204 nostram
1306 3153 1465 3224 propagata

319 3250 389 3302 sunt
407 3243 460 3318 (fr.
475 3237 638 3324 171511)

317 3383 558 3390 ἠὲ...-

410 3471 434 3536 1)
454 3467 635 3522 Rosenhauer
658 3467 798 3536 Symbolon
824 3467 860 3520 ud
878 3473 977 3536 quaest
994 3471 1166 3536 defentionis
1186 3471 1233 3538 qui
1256 3471 1415 3522 describitur
1435 3471 1467 3522 dc

318 3548 391 3602 oriris
408 3549 447 3600 ill.
463 3549 540 3602 urbis
557 3549 762 3612 Romac,1882.

410 3629 436 3696 2)
455 3629 497 3680 De
511 3627 544 3682 fr.
560 3634 594 3682 15
611 3627 669 3678 uid.
680 3645 768 3696 supra
779 3645 805 3696 p.
815 3647 912 3682 xxxxv.
925 3661 959 3668 ——
972 3627 1037 3682 Sine
1052 3645 1139 3682 causa
1153 3631 1190 3682 acl
1200 3629 1339 3698 Nepotem
1352 3631 1466 3684 rettulit

319 3708 339 3760 I.
355 3705 477 3771 Cortese‚
495 3723 569 3774 quae
588 3708 615 3759 in
637 3707 744 3762 cartula
765 3709 889 3774 quadam
908 3711 942 3762 de
958 3709 987 3762 A.
1006 3711 1149 3762 Postumio
1167 3709 1324 3778 inuenerat,
1344 3711 1378 3762 cf.
1394 3711 1464 3762 Bue-

319 3788 414 3840 cheler
430 3807 467 3844 m.
481 3789 570 3842 Rhen.
587 3795 619 3840 39
640 3807 666 3857 p.
682 3795 741 3844 6⁴23.
