3234 4950
292 345 318 390 X
537 323 585 376 DE
606 321 836 378 SCRIPTORVM
857 325 951 380 VITIS
970 323 1015 378 ET
1037 323 1194 378 sortieris

292 493 399 552 fuisset
427 507 474 552 res
504 509 572 550 suas
598 491 751 552 obliuione
776 493 951 570 obscurare,
980 511 1097 552 omnem
1125 493 1301 552 memoriam
1327 491 1369 550 ita
1393 507 1441 548 ex·

292 597 428 670 poneret,
451 595 485 649 nt
508 609 557 648 res
580 609 596 648 a
616 591 769 652 consulatu
790 609 843 652 suo
870 609 992 654 exorsus
1009 609 1106 670 usque
1126 589 1161 650 ad
1181 586 1299 648 Romuli
1316 607 1442 666 regnum

293 681 496 772 deduceret.¹)
542 695 645 750 contra
673 689 848 750 Plutarchus
878 693 956 764 (Otr.
977 689 1033 762 41)
1064 687 1221 750 consilium
1252 705 1301 746 res
1329 687 1441 766 patrias

292 788 417 846 historia
451 785 657 864 conplectendi
691 787 883 868 conpluribus
917 795 946 848 et
978 787 1106 866 publicis
1138 795 1168 848 et
1199 787 1324 864 priuatis
1358 782 1442 844 malis

292 885 445 946 turbatum
475 903 541 944 esse
577 885 711 948 scribens
745 889 882 966 inprimis
922 885 1048 946 diuortio
1085 903 1153 946 cum
1184 883 1322 942 Terentia
1358 883 1442 962 lacto,

292 975 489 1066 (aeolica)
508 985 655 1064 cumipse
675 985 817 1046 Cicerone
834 987 993 1044 concinere
1009 985 1136 1044 uidetur.
1172 981 1250 1062 quod
1269 999 1342 1042 uero
1362 981 1442 1042 addit

291 1076 346 1142 aci
370 1077 477 1142 πολλὰ
502 1077 657 1161 συμμῖξαι
682 1089 750 1144 τῶν
766 1077 968 1162 Ἑλληνικῶν
993 1087 1046 1142 καὶ
1070 1077 1154 1154 ὅλως
1178 1079 1256 1152 τοὺς
1280 1075 1441 1160 συνηγμέ-

291 1201 375 1252 νους
391 1179 513 1260 λόγους
529 1179 584 1242 καὶ
601 1179 735 1258 μύθους
754 1175 900 1242 ἐνταῦθα
919 1175 1045 1262 τρέψαι,
1063 1181 1120 1240 hoc
1139 1177 1209 1260 quid
1229 1177 1368 1258 uoluerit,
1381 1197 1441 1238 non

291 1281 451 1358 perspicio,
471 1279 531 1338 nisi
550 1278 701 1338 Plutarchi
723 1286 827 1339 auctor
849 1279 924 1340 haec
947 1277 983 1338 ad
1006 1277 1097 1338 libros
1123 1281 1159 1340 cle
1184 1281 1301 1352 lenibus
1318 1275 1442 1356 rettulit,

292 1395 368 1456 quos
388 1377 570 1437 Graecomm
587 1378 734 1456 sapientia
752 1377 920 1438 redundare
941 1383 1022 1438 const
1043 1371 1095 1460 ti)
1121 1371 1221 1438 Dionis
1238 1381 1335 1436 autem
1350 1375 1442 1436 uerba

292 1477 375 1536 omni
397 1475 456 1536 lide
478 1483 630 1555 carerent,
651 1479 711 1536 nisi
734 1495 832 1554 nuper
855 1479 951 1536 simile
979 1475 1089 1556 aliquid
1117 1477 1149 1536 de
1175 1483 1275 1536 nostra
1299 1477 1442 1536 memoria

292 1581 324 1634 et
345 1575 544 1652 excogitatum
568 1581 597 1634 et
622 1574 798 1654 quibusdam
821 1575 976 1654 probatum
1002 1581 1092 1652 esset,
1118 1575 1231 1634 sedne
1255 1571 1442 1652 sicquidem

290 1689 345 1752 pro
370 1675 451 1733 ueris
476 1671 552 1732 haec
577 1671 689 1734 habere
709 1691 845 1752 possum,
871 1677 958 1734 immo
986 1671 1107 1734 subesse
1130 1673 1266 1734 existimo
1293 1677 1320 1732 et
1346 1671 1441 1732 decla·

291 1773 414 1830 materis
439 1769 519 1830 illius
548 1769 680 1831 studium
703 1773 802 1830 omnia
825 1773 952 1850 augendi
977 1779 1005 1832 et
1031 1769 1233 1850 amplificandi
1256 1775 1284 1830 et
1309 1789 1442 1830 errorem

292 1887 330 1928 ex
352 1869 458 1930 eodem
479 1867 529 1928 illo
553 1873 705 1948 prooemio
729 1876 835 1950 ortum,
861 1873 891 1930 in
917 1887 973 1950 quo
998 1869 1049 1930 illa
1072 1867 1187 1932 ‘ultima
1209 1867 1354 1948 tempora'
1374 1887 1440 1948 per-

291 1986 395 2046 peram
418 1967 456 2028 de
479 1969 531 2046 eis,
557 1987 632 2046 quae
655 1967 793 2028 Ciceroni
816 1971 949 2048 proxima
974 1975 1081 2048 essent,
1107 1969 1256 2028 intellecta
1280 1975 1411 2028 essent..

383 2067 442 2127 Sed
463 2067 593 2144 primurn
618 2069 648 2126 in
667 2067 821 2128 Ciceronis
839 2067 962 2128 historia
983 2067 1097 2128 obtinet
1116 2067 1212 2130 locum
1233 2067 1257 2126 is
1281 2065 1367 2146 liber,
1389 2069 1441 2146 qui

292 2173 338 2226 est
355 2165 402 2226 De
427 2163 617 2226 consulatu
636 2164 768 2226 Graece
793 2167 962 2246 scriptus.
998 2185 1056 2244 quo
1071 2165 1191 2244 quidem
1205 2165 1349 2244 gloriatur
1364 2167 1442 2244 quod

292 2259 399 2324 ‘totum
416 2265 540 2324 Isocrati
554 2264 764 2344 μυραθήιιιον
778 2272 867 2344 atque
886 2283 989 2324 omnes
1008 2265 1071 2324 eius
1091 2263 1306 2344 discipulorum
1326 2263 1441 2324 arculas

291 2381 327 2422 ac
336 2381 396 2422 nou
405 2361 480 2422 nihil
492 2365 581 2422 ctiam
589 2361 759 2424 Aristotelia
768 2365 919 2442 pigmenta
931 2359 1158 2442 consumpserit'
1172 2365 1230 2436 (mi
1238 2363 1299 2424 Art.
1310 2363 1349 2422 II
1360 2365 1386 2438 1,
1396 2365 1440 2440 1),

290 2468 435 2541 putatque
457 2459 527 2521 huic
552 2460 662 2523 Graeco
684 2459 828 2521 Graecum
848 2463 984 2525 inuidere
1004 2463 1040 2535 (I
1055 2463 1106 2539 20,
1122 2463 1155 2537 6)
1179 2461 1440 2541 conturbatumque

291 2578 363 2619 ase
391 2578 458 2621 esse
486 2560 630 2621 Graecam
655 2562 808 2621 nationem
831 2564 885 2635 (II
903 2564 934 2639 1,
952 2560 997 2635 2).
1045 2562 1197 2621 rhetorum
1229 2562 1319 2639 igitur
1350 2562 1440 2621 artili-

292 2661 347 2719 ci'rs
379 2677 426 2719 res
456 2658 507 2719 nel
537 2677 646 2737 augere
677 2658 726 2719 uel
757 2657 917 2721 obscurare
948 2662 975 2719 ei
1007 2658 1168 2737 placuerat.
1213 2660 1357 2719 nimirum
1385 2680 1441 2739 per

291 2758 442 2817 lubricum
472 2758 642 2837 incedebat,
674 2764 708 2819 ut
741 2758 919 2819 offensiones
950 2760 1122 2837 principum
1154 2752 1321 2841 euitaret.³)
1361 2756 1442 2821 uelut

292 2874 360 2917 cum
385 2854 525 2917 Crassum
548 2865 579 2917 et
600 2854 759 2917 Caesarem
781 2874 798 2915 a
823 2858 1023 2919 coniuratione
1050 2876 1109 2917 non
1133 2854 1245 2917 alienos
1267 2856 1360 2917 luisse
1384 2858 1442 2917 sibi

290 2956 505 3033 persuasisset,
526 2954 572 3013 illi
598 2958 688 3015 etiarn
709 2954 828 3015 laudem
852 2956 1000 3035 quandam
1027 2956 1091 3013 eius
1121 2954 1281 3035 patefactae
1307 2956 1441 3015 attribuit

291 3054 345 3129 (fr.
367 3054 410 3132 I),
439 3052 510 3113 huic
536 3060 636 3114 autem
662 3059 731 3133 post
758 3056 923 3115 orationem
951 3052 987 3115 de
1016 3056 1179 3115 coniuratis
1199 3072 1255 3131 per
1277 3058 1440 3133 municipia

384 3293 408 3359 1)
429 3286 574 3343 casabie
590 3294 684 3358 caat
711 3292 771 3343 Kar
796 3286 869 3343 οὕτω
893 3310 924 3359 νε
950 3286 1134 3361 ἀναίσχυντος
1160 3286 1188 3345 εἶ
1209 3286 1276 3343 ὥστε
1304 3290 1352 3343 καὶ
1378 3308 1441 3361 συρ-

293 3368 402 3439 γράψαι
425 3376 516 3421 ταῦτα
535 3376 654 3423 τοιαῦτα
679 3368 747 3423 ὄντα
769 3368 955 3439 ἐπεχείρησας
972 3404 1006 3409 -
1023 3368 1200 3439 προθέμενος
1222 3368 1273 3439 γάρ
1295 3368 1387 3425 πάντα
1406 3370 1440 3425 τά

290 3454 326 3522 τῇ
340 3447 419 3503 πόλει
434 3448 615 3517 πεπραγμένα
631 3448 792 3521 συγγράψαι
807 3450 864 3521 (ναὶ
880 3448 931 3521 γάρ
947 3450 1077 3519 σοφιστὴς
1092 3450 1140 3503 καὶ
1158 3448 1276 3517 ποιητὴς
1296 3450 1342 3505 καὶ
1364 3452 1440 3521 φιλό-

290 3548 380 3597 σοφος
397 3530 447 3583 καὶ
463 3526 555 3597 ῥήτωρ
574 3530 623 3583 καὶ
645 3532 823 3601 συγγραφεὺς
841 3526 914 3585 εἶναι
934 3530 1089 3601 πλάττεται)
1118 3526 1200 3585 ἔπειτ’
1229 3532 1279 3583 οὐκ
1309 3532 1365 3585 ἀπὸ
1391 3540 1440 3601 τῆς

290 3608 404 3673 κτίσεως
421 3610 517 3679 αὐτῆς,
539 3608 631 3679 ὥσπερ
654 3610 683 3665 οἱ
705 3610 783 3665 ἄλλοι
808 3610 833 3665 οἱ
857 3618 939 3667 τοῦτο
956 3618 1118 3679 ποιοῦντες,
1139 3608 1206 3665 ἀλλὰ
1228 3608 1283 3663 &ab
1304 3618 1351 3679 τῆς
1370 3614 1440 3667 ὑπα-

290 3688 367 3751 τείας
381 3700 429 3760 τῆς
446 3688 546 3745 ἑαυτοῦ
566 3689 684 3760 ἤρξατο,
705 3688 755 3744 ἴνα
772 3690 914 3745 ἀνάπαλιν
935 3702 1084 3763 προχωρῶν
1106 3692 1194 3761 ἀρχὴν
1213 3688 1263 3759 μὲν
1283 3700 1331 3745 τοῦ
1357 3690 1440 3763 λόγον

292 3768 410 3841 ἐκείνην,
429 3770 558 3841 τελευτὴν
577 3770 607 3825 δὲ
626 3771 678 3841 τὴν
696 3778 747 3823 τοῦ
760 3768 898 3841 Ῥωμύλον
919 3768 1062 3843 βασιλείαν
1079 3770 1239 3843 ποιήσηται.

383 3856 409 3922 λ)
428 3851 523 3906 Graux
539 3856 573 3907 τ’νι
589 3854 652 3907 colit
667 3868 720 3907 soa
739 3852 788 3907 ait.
806 3852 888 3907 Cicer.
899 3870 931 3921 p.
947 3856 1001 3907 159
1022 3850 1086 3923 ipsa
1106 3854 1176 3907 haec
1195 3850 1334 3907 Ciceronis
1355 3856 1441 3909 uerba

292 3934 338 4003 (de
355 3932 431 4003 legg.
446 3930 459 3985 Ι
472 3936 498 4000 1,
509 3934 534 4003 5)
550 3934 728 4003 ‘paccionem
742 3940 767 3987 et
778 3934 858 4003 apud
872 3934 1041 3989 Herodotmra
1052 3940 1159 4003 patrem
1175 3934 1304 3989 historiae
1321 3940 1345 3989 et
1365 3936 1441 4005 apud

294 4016 496 4083 Theopompum
517 4021 583 4069 suat
599 4014 816 4069 innumerabiles
832 4014 953 4081 fabaloe’
971 4030 1068 4069 ansam
1085 4014 1251 4085 praebuisse
1267 4018 1364 4069 censet
1376 4016 1439 4071 Plu-

290 4096 390 4149 tarcho
406 4092 533 4147 uel-eius
553 4096 668 4149 auctori.

382 4188 408 4255 3)
427 4182 501 4237 Nolo
522 4182 598 4253 ipsas
622 4202 679 4254 res,
702 4200 772 4253 quas
797 4186 832 4237 ab
858 4200 890 4237 eo
909 4186 1054 4237 enarratas
1073 4200 1132 4241 esse
1151 4186 1371 4241 cousentaneum
1388 4190 1440 4255 est,

290 4264 430 4333 persequi.
463 4262 523 4333 ipse
540 4266 639 4333 paucis
655 4264 843 4333 paragraphis
860 4262 1001 4333 ‘exposuit
1018 4264 1141 4321 breuiter
1156 4266 1332 4321 consulatum
1347 4270 1439 4321 suum’

290 4346 323 4399 in
340 4344 396 4399 Pis.
409 4350 533 4414 ars-3,
545 4352 570 4399 a.
