3234 4950
347 352 549 407 CORNELIVS
566 352 805 407 CAPITOLINVS
821 388 855 395 -
870 354 1113 409 enumeremus
1133 356 1264 411 Trinius
1325 356 1386 419 149

551 520 777 593 CORNELII
805 520 1079 593 onriromui

327 677 360 743 l.
386 682 473 743 Treb.
493 684 565 743 Pon.
586 688 657 759 trtq.
677 695 735 761 tyr.
755 686 807 759 15,
827 684 848 743 8
878 682 990 753 Quibus
1017 682 1200 761 [rrenutorr'ls
1224 692 1385 761 aroloutnb'·

237 784 293 841 bos
323 780 523 857 Odenatus]
554 782 675 843 duratus
709 783 800 845 solem
834 802 865 843 ao
897 780 1049 861 puluerem
1079 782 1109 841 ia
1143 782 1228 841 bellis
1256 784 1385 843 Persicis

237 878 312 954 tulit,
340 896 399 939 uon
428 877 513 939 aliter
542 882 629 941 etiam
660 884 784 959 coniuge
808 880 996 959 [Zenobio]
1025 878 1154 959 adsueta,
1181 900 1254 957 quae
1280 882 1384 941 mullo-

236 996 302 1037 rum
330 980 478 1037 senlenIIa
505 978 611 1037 lonior
637 982 743 1041 marito
773 982 864 1040 luisse
894 980 1079 1059 perhibemr,
1112 978 1221 1037 mulier
1253 982 1383 1039 (amnium

208 1076 420 1135 arrobiIissima
448 1076 636 1137 orientalium
666 1080 843 1139 l'eminarum
877 1088 918 1159 el,
959 1088 989 1139 ul
1020 1076 1173 1139 Cornelius
1203 1076 1383 1155 Cauiluliuus

236 1172 354 1253 adseril,
377 1176 605 1251 speciosissima.

612 1334 842 1409 beennon
869 1334 1003 1409 ursel

325 1491 358 1559 l.
385 1498 472 1559 Treb.
491 1498 564 1559 Poll.
586 1502 657 1571 erto.
676 1506 735 1573 tyr.
754 1496 847 1571 25‚2
880 1496 936 1565 Qui
968 1496 1155 1575 [Tetricus
1181 1498 1323 1577 inanior]
1355 1510 1383 1559 et

233 1598 297 1673 lpse
321 1614 389 1655 erana
413 1602 495 1675 patre
519 1614 573 1673 per
597 1596 783 1673 triumphum
806 1594 913 1655 ductus
936 1604 1039 1673 posisea
1062 1597 1200 1655 omuibus
1225 1598 1382 1657 senatoriis

233 1694 394 1753 honoribus
423 1694 543 1752 Iunolns
569 1703 615 1753 est
642 1693 765 1753 iulibato
793 1696 983 1773 patrimonio,
1008 1694 1228 1773 ‹.1uodquidem
1253 1698 1288 1757 ad
1313 1716 1381 1757 suos

191 1813 218 1849 10
231 1803 366 1871 posteros
388 1794 479 1871 mIsit,
500 1800 536 1851 ul
555 1792 705 1871 Dagellius
727 1792 843 1853 Fuscus
867 1790 946 1869 diua,
972 1812 1091 1871 sempor
1111 1796 1245 1871 insignis.

586 2006 729 2079 enum
755 2006 1026 2077 ANTIPATRI

319 2162 351 2229 l.
379 2170 465 2229 Treb.
484 2170 558 2229 Pol.
583 2170 686 2229 Claud.
708 2168 779 2242 5,3
808 2168 943 2245 Denique
973 2168 1082 2227 iudicio
1106 2186 1228 2229 snorum
1253 2168 1379 2229 mililnm

231 2266 307 2343 ararad
340 2266 547 2327 Illerliolanirrm
581 2266 754 2325 Aureolus
787 2266 909 2345 dignum
942 2268 1051 2327 exilum
1087 2268 1148 2327 uita
1179 2286 1213 2325 ao
1244 2266 1378 2327 moribus

230 2367 292 2425 suis
316 2365 426 2445 babuit,
449 2371 480 2423 et
500 2366 581 2424 buno
605 2374 701 2423 tamen
727 2364 846 2441 qaudam
869 2364 1004 2423 bisloriei
1028 2366 1149 2423 laudaro
1178 2368 1276 2425 taurian
1299 2372 1377 2445 sunl,

230 2471 258 2524 el
287 2462 412 2524 ridicule
439 2462 567 2542 quidem.
610 2482 677 2522 nam
707 2462 805 2522 Gallus
837 2464 999 2542 Antipater,
1034 2462 1138 2524 anellla
1172 2462 1316 2524 bonorum
1349 2473 1377 2524 el

188 2581 214 2618 15
229 2563 437 2622 historie-orum
454 2561 756 2638 dehonestamentum,
766 2563 947 2640 principium
965 2563 998 2622 de
1010 2561 1135 2622 Aureolo
1149 2561 1263 2623 habuit:
1280 2559 1375 2622 ‘Veni-

228 2679 295 2722 mus
317 2661 356 2720 ad
376 2661 588 2740 imperatorem
610 2663 738 2720 nominis
763 2659 831 2720 sni.'

565 2873 875 2946 onnnlonnris
906 2873 1038 2946 TYRII

317 3030 351 3098 l.
381 3039 496 3114 Vopr'sr.
517 3039 620 3096 Aurei.
646 3037 715 3112 4,2
746 3035 870 3096 Matrem
901 3035 1020 3114 quidem
1048 3037 1112 3096 eius
1145 3035 1372 3114 [Aurelium]

228 3137 398 3196 Callicrates
424 3135 541 3214 Tyrius
570 3133 748 3192 Graecorum
779 3133 863 3212 longe
895 3135 1083 3194 [laetissimus
1112 3135 1252 3212 scriptor,
1279 3153 1374 3194 saeer-

229 3235 325 3294 dotem
345 3233 446 3312 templi
464 3230 549 3311 Solis,
568 3233 619 3310 qui
638 3233 669 3290 in
687 3233 754 3292 uioo
776 3250 808 3291 eo
830 3235 859 3292 iu
881 3251 937 3312 quo
958 3231 1128 3292 habitabant
1146 3239 1284 3310 parentes
1299 3279 1305 3292 .
1323 3279 1329 3292 .
1345 3279 1373 3294 ..

185 3333 318 3393 soluisse
349 3331 426 3390 dioit.
465 3329 603 3390 babuisse
631 3333 704 3408 quin
731 3333 820 3390 etiam
848 3329 1034 3390 nonnihilum
1064 3329 1269 3408 diuinationis,
1301 3331 1373 3390 adeo

226 3440 259 3492 ut
283 3429 438 3508 aliquando
461 3429 567 3488 marito
592 3447 645 3488 suo
668 3429 789 3506 iurgans
812 3431 980 3508 ingesseris
1001 3447 1066 3490 oum
1088 3431 1152 3490 eius
1171 3437 1200 3488 el
1219 3429 1372 3490 stultitiam

226 3531 395 3606 iuereparel
418 3535 446 3588 et
469 3525 627 3588 uilitatem:
658 3525 714 3586 ‘En
732 3529 919 3606 imperatoris
943 3525 1080 3606 panon?
1116 3547 1150 3588 ex
1176 3547 1233 3606 (ruo
1259 3535 1373 3588 constal

225 3627 305 3688 illam
327 3625 484 3686 mulierem
508 3627 601 3684 scisse
623 3625 730 3686 fatalia.

314 3829 343 3882 2.
367 3827 428 3884 sole
452 3843 486 3882 ae
509 3825 632 3898 puluere
652 3825 719 3884 Po.
733 3843 755 3882 e.
848 3827 876 3882 l.
900 3825 1042 3890 muliere
1067 3823 1226 3882 mulierum
1244 3825 1274 3882 P
1390 3903 1391 3906 Ἴ

227 3917 253 3974 5.
279 3915 493 3974 nobilissimam
507 3915 536 3968 P
547 3933 573 3972 o.
586 3933 606 3972 r.
724 3915 750 3972 6.
772 3913 1014 3990 saepedissimam
1029 3913 1056 3970 P
1069 3931 1095 3972 o.
1106 3931 1128 3972 o.
1145 3915 1371 3988 saepedissimam

224 4007 337 4064 Peon.
361 4005 643 4080 spenosissimam;
718 4005 768 4062 10.
790 4005 826 4062 ul
840 3997 1005 4080 <qui>dam
1029 3999 1142 4062 Gellius
1160 4003 1266 4062 Novella
1283 4005 1370 4078 Llsly

226 4096 312 4152 1887
325 4113 358 4168 p.
375 4099 416 4152 11
435 4091 565 4152 Arellius
580 4093 670 4152 Salen.
685 4097 713 4152 el
724 4094 843 4152 Deserto
860 4095 963 4152 Herm.
978 4095 1031 4162 24,
1046 4093 1111 4150 353
1190 4095 1236 4150 12.
1259 4093 1368 4152 medlo·

224 4186 339 4242 uallum
356 4185 385 4242 P
397 4203 422 4242 o.
437 4203 461 4242 c.
549 4185 631 4240 uitae
651 4183 740 4242 Pena.
757 4183 886 4254 Muciano
1003 4185 1050 4240 14.
1077 4181 1243 4256 quidamP

226 4275 275 4332 15.
298 4273 468 4350 prinoipem
485 4275 515 4328 P
625 4275 674 4329 19.
710 4271 786 4330 Solis
815 4271 860 4332 sui
891 4271 919 4328 in
950 4275 1015 4330 uioo
1034 4273 1199 4330 Monnnsen
1233 4271 1309 4330 Solis
1340 4275 1368 4328 ei

223 4365 345 4438 quidem
361 4363 555 4437 Bibebofsloy,
576 4365 714 4422 leoninam
736 4363 871 4420 erudierant
965 4363 1014 4420 23.
1039 4379 1116 4420 nesse
1137 4363 1164 4418 P
1176 4379 1203 4418 o.
1219 4381 1239 4420 o.
