3234 4950
252 379 315 442 112
696 379 792 432 FABII
813 379 952 434 misrior

251 549 454 626 diecreuerim‚
485 547 544 605 nisi
578 547 655 626 quod
689 565 784 626 uerrue
814 549 955 610 Antonius
990 567 1084 628 neque
1119 547 1247 610 Hormus
1275 569 1289 608 a
1322 549 1395 610 fama

250 649 371 724 uitaque
395 665 447 706 sua
470 647 607 724 quamuis
632 649 761 724 pessimo
784 647 895 724 flagitio
921 645 1147 724 degenerauere.

339 737 437 826 (liiii.
459 747 568 805 Iouun.
587 745 693 804 Μαίαλ.
713 747 778 805 VII
788 765 823 822 p.
839 745 903 804 177
918 763 959 822 sp.
981 749 1071 806 Danu.
1101 739 1156 804 Ἐν
1177 739 1216 806 ’δὲ
1242 751 1278 826 τῇ
1304 745 1394 826 βασι-

250 845 322 918 λεία
342 849 403 904 τοῦ
428 841 529 904 αὐτοῦ
550 835 676 922 Ῥάμον
699 839 715 904 ὁ
742 841 880 923 στρατὸς
897 841 1001 904 αὐτοῦ
1020 839 1147 924 ἐγένετο
1169 843 1271 916 πολὺς
1293 841 1396 904 ἐπείσ-

250 963 355 1022 ακτος,
389 943 445 1002 καὶ
475 943 604 1022 πλῆθος
632 933 673 1020 ἦν
698 937 733 1002 ἐν
758 949 796 1024 τῇ
816 937 918 1022 Ῥώμῃ
947 949 1014 1004 τῶν
1042 939 1169 1022 ἀγρίων
1197 937 1396 1024 ἀνθρώπων,
1426 965 1437 1004 a

249 1035 303 1102 καὶ
328 1037 389 1102 οὐκ
410 1030 497 1118 ἦσαν
518 1038 600 1121 πρὸς
625 1037 662 1100 τά
692 1039 805 1120 πλήθη
832 1047 898 1102 τῶν
929 1037 1062 1124 ἀνδρῶν
1088 1049 1253 1120 γυναῖκες.
1279 1077 1316 1084 -
1343 1039 1396 1102 uni

248 1137 374 1222 ἀθύμει
414 1134 433 1198 ὁ
461 1133 591 1218 Ῥῶμος,
626 1135 803 1220 ἀμηχανῶν
834 1137 868 1198 τί
897 1135 1025 1218 πράξει·
1053 1173 1092 1182 *μ
1125 1135 1179 1198 uui
1211 1135 1395 1220 ἐξεφάνησε

250 1238 353 1318 νόμον
383 1233 465 1300 ὥστε
494 1235 674 1318 λαμβάνειν
702 1237 778 1310 τοὺς
807 1237 1007 1318 στρατιώτας
1035 1237 1118 1320 πρὸς
1143 1235 1250 1318 γάμον
1271 1233 1396 1320 παρθέ-

249 1359 340 1415 νους,
369 1333 406 1408 ἀς
436 1333 568 1396 ἐκάλεσε
590 1335 769 1418 Βρυτίδας·
799 1331 853 1398 καὶ
879 1333 990 1410 οὐδεὶς
1012 1335 1117 1398 είλετο
1141 1333 1259 1398 δοῦναι
1285 1333 1396 1410 αὐτοῖς

248 1435 310 1516 τὴν
337 1433 428 1496 ἰδίαν
455 1430 634 1516 θυγατέρα.
653 1469 698 1478 Ἀ-
722 1429 778 1496 ααὶ
803 1431 944 1518 ἀθυμῶν
974 1431 992 1498 ὁ
1015 1429 1135 1516 Ῥῶμος
1171 1431 1321 1516 ἀπῆλθεν
1350 1435 1396 1508 είς
1412 1459 1437 1498 ιο

248 1532 284 1594 τὸ
309 1539 478 1616 μαντεῖον·
507 1529 562 1594 uui
589 1529 694 1612 ἐδόθη
721 1531 811 1618 αὐτῷ
839 1531 985 1616 χρησμὸς
1014 1531 1094 1594 ὥστε
1122 1529 1303 1596 ἐπιτελέσαι
1325 1543 1396 1606 ταῖς

250 1627 380 1714 γυναιξὶ
401 1627 488 1692 θέαν
513 1631 658 1712 ἱππικοῦ,
683 1629 740 1695 ἵνα
762 1629 922 1712 ἀγάγηται
946 1627 1051 1718 ἑαυτῷ
1075 1627 1091 1694 ὁ
1118 1633 1254 1714 στρατὸς
1281 1639 1395 1714 γοναῖ-

249 1753 316 1804 αας.
344 1729 401 1808 [—·
428 1737 568 1806 sequatur
596 1737 740 1792 nurrutio
767 1739 883 1810 rupina.
906 1731 962 1810 -—]
999 1739 1094 1794 τοῦτο
1129 1725 1165 1792 δὲ
1197 1731 1279 1814 πρὸς
1312 1725 1393 1804 ἀπαξ

98 1827 402 1910 ΑθῃΝΠΙέποίησεν
431 1825 587 1910 δῬῶμος
610 1825 776 1910 γενέσθαι,
805 1827 917 1902 καθὼς
941 1827 956 1892 ὁ
984 1829 1175 1912 σοφώτατος
1201 1831 1395 1912 Βεργίλλιος

116 1923 219 1988 oatsq.
250 1925 392 2004 ἐξέθετο
425 1925 582 2002 ὡσαύτως
610 1922 646 1990 δὲ
668 1925 723 1990 καὶ
749 1927 889 2002 Πλίνιος
912 1925 930 1990 ὁ
949 1923 1116 2010 Ῥωμαίων
1139 1927 1395 2012 ίστοριογράφος
1411 1951 1435 1990 τι

150 2025 199 2080 19
250 2025 490 2109 σννεγράψατο,
515 2025 636 2106 ὁμοίως
657 2021 695 2088 δὲ
716 2025 772 2088 uui
790 2027 919 2108 Λίβιος,
944 2023 1050 2110 ἕτεροι
1070 2021 1107 2088 δὲ
1131 2023 1293 2106 ἱστορικοί
1317 2041 1394 2088 σνν-

249 2125 436 2209 εγράψαντο
458 2135 589 2209 πρῶτον
615 2125 835 2210 ἱπποδρόμιον
861 2123 1041 2188 ἐπιτελέσαι
1066 2125 1180 2200 αὐτοῖς
1201 2125 1260 2188 τὸν
1272 2121 1395 2206 Ῥῶμον

249 2227 295 2298 είς
318 2220 536 2310 βούρδωνας.)

507 2494 635 2567 FABH
662 2496 848 2569 Rvsrloi
879 2494 1135 2569 HissTORIAE

176 2654 229 2788 {oo-
339 2670 397 2739 lii.
429 2678 521 2737 Tacit.
541 2696 613 2735 τινα.
632 2678 721 2735 XIII
741 2678 784 2735 20
817 2676 958 2737 Proueeta
988 2696 1044 2735 nox
1069 2684 1133 2735 erat
1155 2684 1186 2735 et
1207 2674 1318 2735 Neroni
1342 2692 1395 2753 per

248 2774 440 2837 uincientiam
467 2774 652 2853 trahebatur,
683 2794 750 2835 cum
776 2772 944 2853 ingreditur
970 2774 1054 2835 Paris
1075 2808 1113 2815 *-
1134 2776 1325 2853 expositoque
1351 2774 1393 2831 in·
1410 2794 1435 2833 n

250 2875 321 2934 dicii
338 2872 514 2951 [criminum
531 2876 723 2951 Αγνίμγίααε
748 2874 1013 2951 exprobraturum]
1035 2872 1138 2933 ordine
1164 2874 1201 2933 ita
1228 2870 1393 2933 audientem

249 2979 387 3051 exterret,
407 2979 444 3031 ut
464 2992 525 3033 non
548 2979 660 3033 tantum
685 2980 811 3031 matram
832 2970 1026 3051 Plautumque
1053 2972 1220 3031 interficere
1247 2972 1299 3031 sed
1321 2970 1393 3029 Bur-

249 3090 316 3131 rum
337 3072 427 3129 etiam
452 3068 610 3129 demouere
633 3070 822 3149 praefectura
846 3070 1018 3149 destinaret,
1044 3080 1192 3149 tamquam
1215 3070 1394 3149 Agrippinae

248 3269 376 3347 scriptos
402 3284 468 3328 esse
498 3266 532 3327 ad
563 3266 715 3327 Caecinam
750 3268 879 3329 Tuscum
912 3266 1062 3327 codicillos
1091 3266 1228 3327 mandata
1256 3268 1283 3325 ei
1311 3284 1394 3345 prae·
1410 3286 1435 3325 aa

248 3368 391 3426 toriarum
423 3366 588 3425 cohortium
622 3384 692 3425 cura
724 3366 777 3425 sed
811 3386 865 3443 ope
903 3366 1032 3425 Senecae
1068 3364 1265 3443 dignationem
1299 3364 1393 3425 Burro

250 3472 403 3525 retentam.

107 3528 159 3664 851}
178 3566 238 3621 tna
338 3557 394 3623 2²¹³.
423 3564 773 3623 Tauraunitium
807 3562 908 3623 Tradit
938 3564 1060 3623 Cluuius
1089 3560 1194 3623 ardore
1224 3560 1393 3623 retinendae

249 3662 441 3740 Agrippinam
462 3662 611 3738 potentiae
635 3680 669 3719 eo
693 3680 787 3741 usque
813 3668 991 3741 prodendam,
1014 3670 1048 3723 ut
1070 3658 1168 3721 medio
1189 3662 1255 3739 diei,
1275 3680 1342 3721 oum
1365 3660 1393 3719 id

250 3778 293 3783 -—
296 3776 356 3782 4---
359 3776 490 3783 -η--ψ--ι

338 3832 388 3887 lo.
413 3834 554 3887 Μαλαλαοι
576 3834 615 3887 an
636 3836 750 3887 uariunt
770 3836 913 3901 exscripsit
936 3834 1079 3889 chronicon
1105 3834 1237 3887 Puschuie
1258 3834 1280 3887 I
1296 3852 1324 3903 p.
1338 3836 1391 3887 211

249 3906 353 3968 Dund.;
373 3905 431 3958 uid.
445 3922 464 3959 s.
477 3922 507 3971 p.
524 3926 575 3959 ccx.

338 3974 367 4029 l.
387 3976 544 4043 Sequuntur
564 3976 639 4031 Pon
651 3976 690 4041 fr.
704 3982 730 4031 5.
760 3978 856 4031 Cluuii
874 3978 907 4043 fr.
925 3984 948 4031 1.

339 4131 367 4185 1.
391 4124 568 4185 discreuerii
584 4129 627 4185 M
635 4147 661 4186 u.
674 4146 696 4187 c.

339 4207 396 4293 10,
423 4217 472 4275 15.
497 4210 636 4295 Πλένιος]
656 4208 851 4287 Ἀπολλώνιος
877 4216 982 4277 (ihren.
996 4220 1096 4277 Pnach.
1198 4220 1248 4277 16.
1272 4218 1393 4295 Σίλβιος

251 4305 355 4367 Ohrou.
370 4306 470 4365 Pascit.

339 4386 373 4473 1,
397 4397 449 4453 25.
471 4396 602 4455 uanam
623 4396 661 4451 rr

248 3170 340 3247 gratia
363 3176 538 3247 prouectum
560 3179 589 3229 et
605 3170 704 3229 uicem
723 3170 904 3229 reddentem.
944 3168 1051 3229 Fabius
1070 3168 1208 3227 Rusticus
1230 3176 1330 3227 auctor
1352 3176 1396 3227 est
