3234 4950
572 387 609 442 M.
625 385 775 440 TVLLIVS
797 385 925 440 CICERO
1260 411 1323 456 XIII

171 561 325 624 hominum
347 564 420 634 erat,
445 557 532 614 amici
553 555 695 633 Caesaris,
716 573 770 612 cnr
791 557 819 614 ei
837 555 1076 634 aduersarentnr,
1098 573 1155 616 non
1176 557 1322 618 habebant

173 654 302 742 (sumina
326 655 405 714 enirn
431 671 499 713 cum
523 653 661 712 cautione
691 671 759 712 eum
782 653 929 732 scripturn
952 671 1017 714 esse
1042 649 1200 740 uidimus);
1233 657 1321 714 immo

173 755 267 818 eidem
281 753 315 814 id
333 751 466 828 agebant,
482 759 515 810 ut
533 753 748 810 coniurationis
765 753 881 810 crimen
900 753 932 810 in
951 753 1049 830 ipsum
1069 751 1225 812 Catilinam
1245 757 1321 814 eius·

171 873 227 934 que
248 855 343 912 socios
364 858 396 910 ut
413 849 553 908 homines
571 849 651 908 omni
672 849 819 908 scelerum
837 867 946 926 genere
972 849 1132 912 maculatos
1152 851 1324 912 conferrent

170 957 329 1032 pariesque
357 968 427 1008 suas
452 947 655 1008 inclinationis
686 945 721 1008 ad
750 965 818 1008 eum
846 951 1015 1028 suspicione
1051 957 1224 1030 purgarent3
1260 957 1323 1008 tum

170 1067 257 1127 uero,
289 1065 358 1108 cum
389 1054 457 1125 post
491 1047 643 1106 Ciceronis
677 1053 803 1105 mortem
834 1045 1035 1106 miserabilem
1069 1047 1210 1108 anecdota
1246 1047 1323 1108 edila

172 1152 271 1210 essent
298 1145 409 1224 bilique
440 1161 494 1204 sua
521 1143 616 1204 eilusa
642 1145 775 1204 omnium
806 1145 933 1222 animos,
960 1151 995 1204 ut
1023 1145 1090 1206 lieri
1119 1147 1204 1224 solet,
1231 1149 1260 1206 in
1292 1165 1321 1206 se

171 1247 400 1322 contraxissent,
429 1243 514 1302 lacile
542 1243 617 1302 haec
646 1261 736 1302 causa
758 1241 896 1302 Sallustio
929 1261 993 1302 esse
1015 1245 1125 1322 potuit,
1148 1253 1183 1306 ut
1210 1247 1321 1304 ciuium

171 1343 279 1404 iudicia
309 1345 472 1420 corrigeret
497 1359 624 1420 cumque
647 1340 772 1400 Caesare
797 1341 1017 1420 reconciliaret,
1049 1345 1157 1420 quain
1183 1359 1215 1400 re
1242 1341 1321 1404 Cice-

170 1443 252 1504 ronis
269 1441 374 1502 laudes
392 1441 492 1518 aliqua
510 1459 547 1500 ex
565 1447 648 1518 parte
669 1441 805 1500 minuere
828 1457 927 1518 neque
949 1447 1051 1500 tamen
1074 1439 1242 1500 obtrectare
1264 1443 1322 1502 nisi

169 1559 223 1620 per
248 1539 400 1618 obliquum
422 1539 480 1598 hoc
504 1540 569 1597 eins
590 1535 766 1616 prudentiae
793 1538 856 1614 luit,
882 1557 948 1598 cnm
972 1539 1123 1618 historiae,
1146 1557 1204 1598 non
1231 1539 1321 1600 libelli

170 1639 344 1700 auctoritate
369 1637 477 1698 librum
502 1655 588 1697 suurn
614 1635 820 1696 commendare
845 1633 943 1698 uellet.

257 1735 418 1796 Maximum
442 1744 540 1796 tamen
562 1735 722 1794 discrimen
742 1737 820 1794 inter
839 1737 964 1812 uestigia
987 1735 1126 1814 Tulliana,
1147 1755 1223 1816 quae
1245 1737 1320 1816 apud

169 1837 361 1896 Plutarchum
392 1853 488 1914 eaque
520 1853 595 1913 quae
629 1833 706 1912 apud
741 1832 913 1894 Sallustium
945 1841 1122 1912 cernuntur,
1155 1835 1320 1896 intercedit.

170 1953 238 1995 nam
257 1937 314 1994 etsi
331 1932 392 1992 illic
417 1933 562 2010 quaedam
580 1931 679 1992 addita
701 1927 805 2015 sunl)
824 1965 868 1974 -·-
885 1931 1012 1992 habebat
1033 1935 1113 1992 eninr
1132 1935 1165 1992 in
1183 1941 1320 2012 [rrernptu

170 2033 325 2094 materiam
353 2031 388 2090 ad
416 2033 495 2092 uitas
521 2031 656 2090 Caesaris
682 2029 839 2108 Crassique
870 2029 1034 2108 collectam,
1063 2049 1099 2090 ex
1122 2049 1180 2111 qua
1203 2031 1321 2092 diuersa

170 2129 313 2210 quaedam
344 2129 499 2190 adnotaret
530 2122 629 2212 (uelut
656 2149 682 2189 c.
700 2125 754 2206 20,
776 2147 805 2188 u.
825 2123 996 2212 ‚at-at),
1030 2129 1094 2190 aliis
1122 2127 1193 2190 loeis
1224 2133 1320 2210 ipsum

169 2229 360 2288 Plutarchum
383 2229 487 2288 audire
509 2227 595 2287 nobis
618 2227 757 2286 uidemur
779 2227 949 2304 loquentem
971 2229 1009 2300 (c.
1026 2229 1068 2286 13
1088 2233 1128 2288 itt.
1144 2247 1171 2288 c.
1186 2229 1229 2286 19
1243 2231 1320 2306 fin),

170 2327 234 2388 aliis
257 2329 393 2388 instituta
416 2326 547 2386 Romana
569 2343 727 2404 moresque
749 2325 942 2404 popularibus
973 2325 1034 2384 suis
1063 2325 1189 2404 explieat
1203 2361 1246 2370 --
1269 2325 1320 2388 sed

168 2427 243 2487 liaec
272 2445 289 2485 a
319 2434 422 2487 tenore
453 2425 633 2485 narrationis
666 2423 751 2485 facile
786 2423 1015 2503 dignoscuntur,
1050 2431 1081 2485 ut
1116 2433 1231 2487 ceteras
1263 2443 1319 2503 res,

169 2528 195 2585 si
224 2542 342 2585 errores
374 2524 517 2604 quosdam
545 2524 749 2601 neglegentiae
771 2524 961 2601 lenitatisque
988 2526 1139 2603 exceperis
1145 2572 1153 2605 ,
1179 2524 1214 2583 ad
1239 2524 1319 2585 Cice·

170 2626 251 2683 ronis
278 2626 485 2683 anctoritatem
511 2622 627 2683 referre
653 2622 750 2683 liceat
788 2627 817 2681 at
846 2638 918 2683 uero
945 2622 1023 2701 apud
1050 2622 1221 2683 Sallustium
1245 2642 1318 2701 quae

168 2740 237 2783 curn
258 2722 415 2783 Plutarcho
445 2722 617 2801 concinunt,
644 2722 820 2781 confirmant
846 2722 994 2797 originem
1018 2720 1195 2799 Tullianam,
1227 2730 1318 2783 totum

169 2830 267 2881 autem
296 2840 370 2899 opus
396 2820 485 2897 longe
511 2820 592 2879 aliud
621 2822 739 2897 spirans
765 2814 937 2897 consilinm,
967 2838 1036 2881 cum
1059 2838 1127 2879 eum
1151 2820 1318 2881 reconditos

168 2920 264 2980 fontes
288 2922 538 2997 circumspexisse
561 2937 621 2978 non
644 2917 800 2997 probabile
823 2912 903 3001 siti),
932 2936 1004 2977 uere
1032 2918 1241 2979 Sallustianum
1269 2920 1318 2979 ha-

167 3016 299 3079 bendum
322 3026 376 3077 est.

257 3116 396 3177 Feliciter
420 3124 519 3175 tamen
542 3114 616 3175 illud
638 3112 775 3175 Ciceroni
800 3118 935 3193 contigit,
959 3122 993 3175 nt
1014 3118 1138 3175 materia
1165 3114 1197 3175 ab
1225 3136 1257 3175 eo
1285 3116 1317 3175 de

169 3214 322 3275 consulatu
353 3221 493 3293 prompta
519 3232 574 3292 per
604 3214 757 3275 historiam
788 3220 1003 3293 propagaretur
1035 3222 1064 3275 et
1094 3232 1130 3273 ne
1164 3213 1318 3277 Sallustius

168 3314 289 3392 quidem
308 3332 342 3373 ea
362 3332 463 3373 carere
483 3312 574 3373 uellet
590 3310 640 3374 uel
659 3321 767 3391 posset,
788 3311 1028 3373 aduersariorum
1053 3320 1149 3373 autem
1171 3316 1318 3373 orationes

168 3412 350 3489 inuectiuae,
378 3430 446 3471 oum
474 3412 612 3471 ueritatis
637 3410 760 3471 modurn
783 3412 871 3491 longe
894 3412 1081 3489 excederent,
1107 3412 1142 3471 ad
1167 3412 1317 3473 rhetorum

167 3508 253 3571 ludos
277 3508 489 3571 delabereutur
509 3508 614 3589 ibique
636 3508 856 3571 delitescerent.
887 3526 962 3589 quae
988 3508 1108 3589 quidem
1126 3512 1244 3571 fortuna
1268 3530 1317 3589 op-

167 3617 294 3685 portune
321 3608 422 3667 adiuta
449 3617 496 3669 est
521 3610 697 3667 auctoritate
726 3608 816 3687 Liuii,
847 3610 897 3687 qui
926 3610 1063 3669 similiter
1087 3628 1120 3667 ac
1143 3608 1317 3669 Plutarchus

169 3706 258 3768 aliurn
279 3706 397 3767 dicendi
418 3724 520 3785 ganne,
540 3726 598 3785 quo
618 3706 723 3767 Cicero
741 3706 890 3785 floruerat,
912 3708 1089 3785 temperauit
1109 3714 1136 3767 et
1156 3708 1317 3789 mitigauit3

168 3824 221 3881 per
251 3824 319 3865 eum
350 3814 448 3865 autem
480 3808 544 3865 eius
572 3806 716 3865 mensoria
746 3804 869 3865 deilunit
902 3808 931 3865 in
964 3804 1057 3865 Cassii
1092 3804 1192 3865 Dionis
1227 3806 1317 3865 histo·

168 3906 251 3983 riam,
273 3904 398 3963 forsitan
424 3904 511 3965 etiam
535 3904 675 3985 Appiani3
696 3922 775 3981 nam,
800 3906 857 3963 etsi
874 3904 925 3963 hie
942 3922 982 3961 ne
1001 3902 1172 3963 Sallustium
1196 3904 1316 3981 quidem

167 4002 306 4083 neglexit,
332 4002 365 4062 id
391 4000 472 4081 quod
499 4020 535 4061 ex
563 4000 754 4081 conpluribus
784 4001 858 4063 locis
885 4008 1007 4081 constat,
1034 4002 1140 4081 quibus
1166 4004 1229 4081 ipsa
1251 4006 1315 4063 eius

258 4168 284 4233 1)
304 4164 427 4219 Nomina
447 4167 546 4219 tamen
567 4164 679 4232 aliquot
701 4180 736 4217 ex
758 4164 892 4219 Sallustio
914 4180 929 4215 a
947 4164 1100 4219 Plutarcho
1123 4180 1237 4235 aspersa
1257 4180 1316 4219 esse

169 4260 229 4301 curn
249 4244 402 4299 Bureschio
422 4246 439 4299 l.
454 4264 476 4299 s.
491 4264 517 4315 p.
534 4252 586 4297 220
606 4248 634 4297 ct
647 4244 845 4297 Weizsitckero
864 4246 880 4297 l.
893 4264 914 4297 s.
930 4264 955 4313 p.
968 4250 1018 4297 423
1040 4244 1087 4297 uix
1107 4244 1281 4299 crediderim.

255 4326 283 4393 2)
311 4325 425 4379 Falsum
455 4324 618 4395 opinionem
644 4327 679 4379 (le
707 4324 810 4377 studiis
842 4324 970 4379 Sallustii
999 4324 1141 4379 historicis
1171 4324 1316 4395 proposuit

168 4403 198 4459 H.
215 4406 307 4459 Duebi
325 4408 356 4459 in
374 4406 508 4459 Fleckeis.
526 4424 589 4459 ann.
608 4413 657 4457 113
676 4426 702 4474 p.
725 4412 773 4459 851
787 4423 846 4471 sqq.
