3234 4950
277 394 324 439 ΟΠ
526 388 574 439 Du
594 388 825 441 sculpentium
846 386 940 439 virts
958 386 1005 439 ET
1024 382 1182 439 Sceleris

277 560 439 617 admodum
458 574 629 631 peniterem
658 560 821 617 decessisse
845 556 941 613 tradit
964 550 1022 631 [fr.
1043 548 1078 631 2]
1104 563 1130 613 et
1154 554 1340 610 liberalitate
1362 568 1427 625 suec

277 658 380 729 quoad
400 658 525 727 uicerit,
550 662 756 715 sustentatam.
796 656 885 713 liuius
909 654 1035 711 libertus
1057 652 1119 727 sicil
1141 652 1242 709 Irelitu
1264 648 1427 722 Modestus,

277 756 308 811 in
331 754 441 813 studiis
469 760 560 827 utque
587 754 731 811 doctriua
755 754 887 825 uestigia
904 754 1036 825 isaei-eei
1057 757 1187 809 seculus.
1226 746 1267 805 Ex
1293 764 1427 823 quesita

276 852 402 927 sumpsit
433 850 629 927 Hieronymus
653 854 695 911 ud
719 870 746 911 a.
766 850 855 909 2008
874 850 946 907 dier.
963 849 999 918 (9
1018 866 1047 907 a.
1065 848 1149 919 Clean)
1163 864 1195 921 p.
1212 846 1278 903 145
1298 844 1366 902 Sele.
1390 844 1427 901 ad

275 946 423 1025 Hyginum
451 950 653 1027 praeceptoris
683 966 847 1025 isognornen
874 946 1071 1005 translucens:
1105 946 1133 1003 C.
1159 946 1257 1001 lectites
1286 944 1427 1015 Hypium

193 1090 194 1093 ,
276 1056 473 1121 cognomento
500 1048 674 1123 Polghistor
694 1050 917 1121 grammaticus
937 1047 1068 1105 ascietur
1093 1046 1240 1103 irritisuis.
1277 1040 1428 1099 liuliitatiu

275 1144 313 1203 de
340 1146 437 1221 patria
463 1144 551 1205 iacile
577 1146 619 1203 ita
647 1152 759 1203 remota
790 1152 848 1221 est,
874 1149 908 1201 ut
932 1160 1025 1219 genus
1051 1142 1086 1200 de
1111 1140 1251 1217 Hispania
1276 1156 1344 1197 eum
1367 1147 1426 1195 tra-

274 1244 353 1301 xisse
374 1250 525 1303 statuatur.
560 1260 628 1301 narn
646 1240 726 1321 qued
747 1240 906 1301 Suetonius
927 1259 995 1299 eurr]
1012 1239 1189 1298 Alexandria
1214 1244 1299 1315 capta
1321 1237 1341 1293 i.
1359 1256 1382 1295 e.
1402 1256 1425 1295 a.

273 1336 400 1405 AillOl
429 1340 593 1401 aCaesare
622 1360 748 1419 puerum
775 1340 900 1399 Rumam
930 1338 1089 1399 adductum
1117 1354 1183 1397 esse
1211 1334 1342 1411 tradidit,
1369 1336 1425 1393 lies

273 1444 386 1497 temere
415 1440 488 1517 fingi
514 1456 573 1499 non
602 1442 704 1517 putuit.
743 1438 813 1499 hine
841 1438 931 1498 etiam
958 1456 1016 1515 quo
1047 1438 1109 1495 lere
1137 1451 1215 1495 anne
1243 1441 1329 1493 nauis
1360 1451 1425 1492 esse

272 1536 411 1597 uideatur
440 1544 569 1615 apparet,
599 1540 684 1597 annis
707 1531 1018 1615 64l690u60l694,
1056 1534 1167 1593 Romae
1192 1541 1292 1591 autem
1315 1530 1425 1591 [losne-

273 1634 330 1693 lius
355 1634 520 1695 Alexander
544 1634 723 1713 Pelyhistcr,
753 1636 907 1693 institutus
931 1654 946 1693 a
975 1632 1119 1711 discipule
1148 1628 1275 1709 quodam
1300 1629 1426 1689 Cratetis

273 1732 448 1809 Pergameni
472 1742 502 1793 et
524 1736 557 1793 in
580 1734 730 1793 civitatem
751 1732 914 1791 Romanam
938 1750 952 1789 a
979 1732 1058 1791 Sulla
1082 1750 1108 1789 a.
1127 1724 1425 1807 uticii-mictu

272 1838 421 1909 receptae,
441 1852 508 1891 curn
522 1830 698 1891 Alexandria
718 1838 883 1909 caperetur,
904 1834 1031 1889 maxime
1050 1822 1205 1909 toreham)
1223 1846 1315 1905 ecque
1336 1828 1425 1885 etiam
1510 1861 1513 1864 ,

271 1926 404 2007 Hyginus
430 1936 622 2009 praeceptore
645 1948 717 1989 usus
744 1938 796 1987 est.
834 1929 914 2007 quad
936 1948 1008 1987 uera
1034 1947 1103 1987 euni
1125 1928 1285 1987 imitationi
1307 1942 1425 2003 mleque

272 2026 365 2085 luisse
385 2026 544 2089 Suetonius
568 2026 682 2105 scribit,
704 2028 760 2087 lice
784 2030 915 2105 primum
939 2026 977 2085 ad
1000 2028 1155 2085 materiam
1178 2032 1333 2083 tractatam
1357 2042 1425 2101 per·

271 2126 354 2185 tinet.
392 2146 459 2185 iram
490 2134 520 2185 ut
545 2126 722 2203 Alexander,
752 2128 793 2185 ita
815 2126 948 2205 Hyginus
978 2143 1065 2203 ultera
1095 2122 1292 2203 geographica
1319 2140 1355 2181 ea
1377 2140 1425 2179 ra·

272 2224 352 2281 tiene
378 2228 552 2305 composuit
571 2232 603 2283 ut
625 2224 737 2285 ialmlas
757 2224 961 2285 delectationis
982 2242 1069 2283 causa
1089 2225 1239 2282 insereret
1255 2230 1287 2280 et
1304 2218 1425 2279 urbium

271 2320 456 2383 sareditarum
472 2326 603 2401 origines
622 2333 864 2401 persequeretur.
887 2321 995 2383 deinde
1012 2330 1139 2401 alteriue
1159 2338 1219 2379 raon
1242 2328 1302 2377 tam
1320 2320 1425 2377 iudicii
1510 2327 1513 2404 J

271 2422 434 2480 acrimonia
457 2430 508 2482 aut
532 2422 676 2500 elegantia
699 2424 843 2482 erationis
868 2440 954 2498 quam
980 2420 1144 2498 colligenda
1172 2416 1265 2478 aliena
1292 2418 1423 2478 doctrina

271 2519 395 2596 insignis
422 2515 516 2604 initi),
542 2539 638 2598 neque
663 2531 761 2582 tuanen
787 2541 853 2582 eam
877 2519 1043 2580 doctrinam
1060 2539 1115 2598 pre
1134 2541 1188 2580 sua
1211 2525 1349 2584 uendidit
1370 2527 1424 2586 sed

270 2619 390 2676 neinina
419 2627 573 2678 auctarum
603 2619 771 2698 adscripsit7
805 2621 834 2678 id
864 2620 941 2696 quod
976 2621 1127 2698 ceniplura
1156 2619 1314 2682 Alexandri
1347 2627 1423 2704 trag·
1510 2638 1514 2681 ῑ

269 2723 370 2774 menta
393 2719 482 2776 etiam
505 2735 583 2776 nunc
609 2725 755 2778 testantur
780 2727 868 2796 atque
888 2719 1018 2778 intanta
1038 2723 1185 2798 paucitate
1206 2722 1423 2802 etiamllygini
1510 2713 1513 2745 ³

271 2815 324 2890 (fin
344 2815 375 2874 2.
394 2817 423 2874 d.
446 2817 472 2874 7.
494 2809 591 2898 me)
631 2815 684 2876 sed
711 2819 806 2894 magis
834 2815 872 2876 ad
899 2835 947 2876 res
970 2817 1118 2876 Romanas
1145 2817 1303 2878 inclinauit
1335 2841 1423 2900 quam

269 2921 453 2992 praeceptum
474 2915 613 2992 queniam
632 2933 691 2974 nun
710 2915 806 2974 sulum
825 2917 917 2974 situm
935 2915 1056 2974 urbium
1073 2915 1244 2978 italicarum
1263 2919 1422 2980 scribenda

270 3010 422 3090 amplexus
460 3019 505 3072 est
538 3011 589 3072 sed
625 3013 711 3072 etiam
748 3013 781 3072 de
815 3015 889 3074 uiris
926 3013 1090 3074 illustribus
1127 3013 1221 3074 libros
1256 3023 1424 3096 composuit
1510 3071 1513 3085 ,

269 3107 407 3186 idemque
438 3113 652 3188 exemplorum,
683 3131 756 3188 quae
785 3111 952 3172 litterarum
987 3129 1096 3190 genera
1124 3113 1282 3174 Conrelius
1313 3115 1422 3196 Nepam,
1510 3192 1513 3199 Ι

268 3217 302 3266 ut
330 3227 432 3290 rerum
458 3227 605 3268 nouarum
634 3209 758 3288 cupidus
784 3211 888 3287 fuerat,
915 3217 982 3270 ante
1006 3230 1074 3272 eum
1099 3211 1178 3290 apim
1198 3209 1349 3274 Reruanos
1372 3235 1422 3276 ex·
1510 3202 1513 3230 ³

179 3305 181 3308 ’
268 3305 413 3386 coluerat3
442 3309 521 3366 hune
551 3313 647 3366 autem
677 3307 810 3386 Hyginus
838 3311 929 3368 etiam
955 3312 988 3368 in
1015 3329 1051 3368 eo
1074 3309 1197 3370 consilio
1224 3321 1344 3372 secutus
1368 3325 1422 3391 esi⁷

175 3439 176 3442 =
269 3403 348 3482 quod
373 3423 408 3464 ne
434 3405 595 3482 legentium
620 3407 750 3466 taedium
773 3414 918 3486 moueret,
940 3411 1086 3468 uarietate
1111 3427 1212 3469 rerum
1237 3413 1422 3472 ieiunitatem

269 3503 442 3584 exornaliat3
466 3505 538 3582 quin
565 3505 651 3562 etiam
678 3523 744 3564 cunr
768 3505 804 3566 de
828 3505 934 3584 apihus
956 3505 1066 3566 librum
1096 3507 1210 3584 ederet,
1240 3507 1349 3570 labulis
1372 3510 1422 3570 ab·

268 3599 405 3660 undabat.
445 3619 512 3662 nam
537 3601 697 3662 Columella
722 3607 740 3662 i.
759 3623 781 3662 s.
803 3612 995 3684 posteaquam
1017 3605 1126 3684 Hygini
1150 3605 1334 3682 diligentiam
1359 3609 1421 3668 lau·

358 3837 384 3904 1)
402 3833 443 3890 Of.
462 3829 614 3890 Hullemau
640 3837 686 3890 De
709 3839 789 3890 (loru.
811 3840 888 3892 Alea.
910 3839 1005 3908 Polyi.
1042 3839 1180 3894 Susamihl
1210 3836 1420 3898 (laicali-Aleta
1509 3823 1513 3832 ⁹

268 3915 365 3970 Laeter.
380 3917 403 3968 Η
424 3935 449 3986 p.
466 3921 615 3970 aea-aca

357 3999 383 4064 2)
400 3995 509 4064 Hygini
533 3995 647 4064 quidem
672 3997 840 4052 iudustriam
865 3999 985 4052 mediam
1009 4001 1091 4070 ponit
1112 4001 1186 4055 inter
1198 4001 1319 4070 Vergilii
1339 4019 1421 4058 orna·

267 4077 362 4128 menia
382 4079 410 4130 et
431 4074 504 4130 Celsi
523 4077 695 4146 elegantiam
715 4077 872 4132 Columella
886 4079 935 4148 (lx
953 4087 978 4146 2,
995 4083 1080 4150 leq),
1102 4083 1177 4150 quod
1196 4081 1335 4136 ‘ueterum
1356 4101 1420 4137 aare·

267 4159 360 4208 torma
383 4157 491 4226 placita
514 4157 629 4212 seeretis
652 4157 779 4226 dispersa
804 4160 983 4214 monimentis
1007 4161 1146 4216 industrie
1171 4162 1299 4232 collegit,
1319 4163 1420 4235 Vergi-

267 4235 321 4288 lius
344 4235 463 4304 poeticis
489 4237 602 4290 floribus
628 4237 813 4305 illuminatum,
837 4241 934 4294 Celsus
953 4241 1102 4310 utriusque
1120 4243 1268 4296 memorati
1289 4245 1422 4300 adhibuit

266 4317 399 4370 modum’i
900 4339 903 4342 ’
943 4359 948 4366 ,

356 4399 382 4460 3)
400 4395 443 4452 De
461 4399 623 4452 Alexandro
641 4399 676 4452 cl'.
693 4401 803 4468 Frugm.
819 4403 883 4454 hist.
900 4401 1038 4457 Genucii
1068 4421 1096 4472 p.
1114 4409 1174 4456 ²307,
