3234 4950
667 349 695 402 C⁴
717 349 857 402 ASINIVS
879 347 1008 402 POLLIO
1294 367 1415 412 LXXXV

263 517 488 582 declamationes
524 535 685 592 earumque
718 515 808 576 llores
840 533 984 592 spernere
1013 534 1073 574 uon
1098 517 1209 593 potuit,
1238 517 1269 574 iu
1300 513 1412 592 agendo

261 619 422 682 siccitatem
454 613 599 692 quandam
630 621 658 674 et
687 615 874 674 ieiunitatem
897 613 1048 692 captabat,
1072 621 1105 672 ut
1129 615 1298 674 testimonio
1323 613 1412 682 Quiu-

259 715 352 778 tlliani
378 711 493 772 saeculo
520 715 600 790 prior
625 711 779 772 uideretur
800 703 985 792 Ciceronel)
1020 709 1197 770 concinebat
1213 713 1241 769 is
1260 729 1325 770 mos
1344 729 1411 772 cum

261 817 323 874 elus
351 813 518 870 constantia
545 817 575 868 et
601 811 743 886 ueritate,
772 829 830 886 qua
856 817 888 868 et
912 807 992 886 apud
1015 817 1150 868 senatum
1177 808 1283 868 lulium
1310 807 1412 868 Caesa·

259 929 334 988 rem,
358 927 425 966 cum
452 909 477 966 ei
503 907 637 968 infensus
660 913 749 986 esset,
774 913 802 966 et
833 907 889 966 suh
910 907 1043 984 Augusto
1068 907 1194 966 Brutum
1217 905 1412 985 Cassiumque

258 1007 389 1070 laudauit
412 1007 490 1078 (Cic.
513 1009 554 1066 od
574 1007 647 1084 snm.
666 1007 703 1064 X
717 1005 770 1084 31,
785 1005 816 1064 3.
843 1007 912 1064 Τοο.
934 1023 1006 1065 oua.
1024 1005 1079 1064 IV
1090 1007 1157 1079 34),
1188 1021 1283 1083 neque
1313 1005 1412 1064 minus

259 1123 325 1168 cunr
349 1101 517 1182 diligentia,
544 1123 619 1180 quae
649 1105 738 1162 etiam
768 1101 804 1162 ad
828 1105 971 1162 minutias
996 1104 1202 1182 grammaticas
1230 1101 1411 1180 indagandas

258 1199 454 1264 descendebat
481 1203 528 1272 (F.
554 1203 681 1262 Hardea·
708 1205 739 1260 hc
766 1201 911 1260 Flecteris.
933 1219 1004 1262 aura.
1023 1201 1089 1258 137
1105 1219 1139 1276 p.
1158 1199 1225 1258 368
1239 1203 1326 1275 sqq).
1365 1219 1411 1258 ac-

258 1299 439 1364 cendebatur
467 1309 566 1360 tanmn
594 1307 625 1358 et
651 1309 775 1358 naturae
804 1298 1007 1377 uehementia,
1033 1308 1070 1356 ut
1095 1317 1186 1374 saepe
1212 1299 1247 1356 in
1269 1299 1411 1358 ferociam

258 1399 529 1474 contumaciamque
554 1405 728 1474 mutaretur,
756 1405 782 1456 et
803 1396 907 1456 iudicii
930 1397 994 1456 acie
1013 1397 1241 1474 asperitatequc,
1260 1415 1319 1474 qua
1335 1395 1410 1456 mul-

256 1511 352 1560 torum
388 1499 502 1556 animos
534 1497 709 1572 delectaret,
743 1494 815 1554 alios
846 1495 1025 1573 offenderet,
1054 1495 1168 1552 nemini
1194 1504 1345 1572 parceret,
1374 1513 1411 1552 ne

257 1597 375 1658 Caesari
398 1593 519 1672 quidem
543 1593 742 1672 Sallustioque
768 1593 822 1670 (fr.
840 1595 872 1654 4.
895 1597 967 1654 uda.
988 1595 1030 1654 ud
1050 1591 1091 1666 fr.
1115 1593 1141 1651 7.
1165 1593 1238 1652 Geel.
1257 1593 1292 1652 X
1309 1591 1409 1666 26,1)

256 1701 304 1756 aut
328 1693 412 1752 Liuio
438 1693 557 1766 (Quarti.
578 1693 597 1750 l
614 1693 642 1762 5,
657 1693 708 1752 56.
738 1693 863 1766 VIIII,
878 1693 921 1762 3).

342 1789 418 1850 Hinc
449 1807 563 1848 summa
589 1789 676 1848 laude
706 1789 826 1850 dicendi
853 1807 923 1848 eum
946 1788 1083 1848 floruisse
1109 1788 1195 1847 lacile
1217 1788 1411 1866 intellegitur,

207 1919 208 1922 ¹
255 1895 293 1952 ita
318 1897 350 1950 ut
375 1889 448 1948 haee
472 1891 535 1948 eius
567 1889 662 1948 uirtus
694 1887 727 1948 ab
755 1889 884 1966 antiquis
907 1889 1005 1966 prima
1028 1885 1197 1964 haberetur,
1221 1885 1408 1966 eundemque

256 2005 358 2066 magna
392 2005 510 2046 morum
542 1993 573 2044 ct
603 1987 717 2062 ingenii
757 1987 983 2046 existimatione.
1026 1987 1129 2044 atinus
1159 1993 1261 2044 tamen
1294 1987 1410 2044 iocosos

254 2087 336 2146 lusus
370 2083 607 2164 tragoediasqne,
642 2085 673 2144 in
706 2083 815 2162 quihus
850 2081 1008 2142 laudandis
1038 2083 1128 2142 multi
1159 2089 1230 2142 sunt
1262 2083 1409 2160 Vergilius

254 2183 463 2260 Horatiusque,
499 2199 552 2242 nos
582 2181 760 2260 probaturos
788 2199 854 2240 esse
888 2183 1006 2259 opinor,
1039 2183 1067 2240 si
1098 2179 1136 2240 ad
1168 2197 1223 2241 nos
1254 2185 1409 2260 peruenis-

255 2287 331 2360 sent,
375 2299 443 2340 cum
478 2281 601 2338 Accium
643 2279 866 2358 Pacuuiumque
907 2297 958 2338 eas
1002 2279 1079 2338 dicat
1118 2279 1252 2338 redolere
1289 2279 1409 2338 Tacitus

255 2383 339 2454 (dial.
360 2377 426 2450 21).
456 2377 577 2436 uidetur
606 2383 703 2438 autem
734 2377 769 2440 ad
800 2377 868 2436 illos
896 2377 1041 2436 deductus
1071 2395 1137 2437 esse
1164 2377 1264 2438 Heluii
1288 2377 1409 2454 Cinnae,

255 2476 359 2537 Catulli
394 2476 577 2555 aliorumque
610 2485 778 2555 poetarum,
813 2496 881 2536 cum
914 2474 1089 2536 adulescens
1125 2484 1214 2555 esset,
1251 2485 1376 2537 consuet
1396 2510 1409 2519 -

255 2576 331 2655 dine,
355 2574 522 2651 tragoedias
546 2594 620 2635 uero
645 2575 805 2653 adgressus
833 2594 912 2652 essc,
942 2593 1009 2633 curn
1038 2594 1072 2633 ex
1096 2575 1309 2633 Parthinorum
1329 2574 1408 2633 hello

254 2692 393 2733 reuersus
423 2682 515 2751 esset,
544 2692 612 2733 nam
636 2674 694 2731 iam
718 2692 743 2733 a.
764 2668 887 2753 dllllla
906 2672 1057 2749 Vergilius
1083 2676 1148 2733 eius
1179 2674 1311 2733 carmina
1333 2669 1409 2733 ‘sola

254 2770 413 2849 Sophocleo
454 2770 538 2849 digna
579 2768 712 2831 coturno’
748 2770 896 2849 praedicat
929 2773 998 2843 (ecl.
1025 2770 1151 2848 8,10),
1182 2792 1205 2831 a.
1232 2792 1256 2831 c.
1279 2767 1406 2851 aalma

253 2862 372 2951 (millis
378 2864 454 2953 719)
484 2870 624 2929 Horatius
653 2864 768 2945 ‘regum
803 2868 878 2927 facta
910 2868 987 2947 pede
1020 2877 1068 2927 ter
1103 2868 1258 2947 percusso’
1293 2877 1406 2929 cantata

254 2968 322 3039 (sut.
337 2966 357 3025 I
375 2966 425 3043 10,
442 2968 509 3041 43).
551 2974 613 3027 tum
645 2984 717 3025 uero
753 2984 821 3025 cum
853 2970 935 3027 iuter
960 2966 1158 3027 Octauianum
1190 2973 1219 3025 et
1248 2967 1409 3029 Antonium

254 3064 412 3125 discrimen
438 3084 586 3125 armorum
613 3066 875 3143 appropinquaret,
896 3075 932 3125 ut
954 3074 986 3125 et
1008 3068 1103 3124 otium
1127 3084 1213 3125 suum
1236 3064 1408 3125 defenderet

252 3170 279 3221 et
303 3164 439 3223 ueritatis
462 3164 655 3241 praeconium
682 3164 863 3242 susciperet,
891 3162 1051 3223 historia
1076 3162 1189 3223 hellurn
1212 3164 1342 3223 ciuicum
1372 3182 1408 3223 ex

251 3258 367 3321 lletello
399 3262 520 3321 consule
552 3254 589 3343 (a.
616 3254 758 3345 notant)
782 3269 896 3320 motum
930 3262 1070 3341 persequi
1105 3264 1214 3341 coepIt,
1249 3260 1279 3320 id
1313 3270 1359 3321 cst
1389 3280 1407 3321 a

250 3360 348 3437 priore
384 3362 586 3439 triumuiratu,
620 3376 688 3417 nam
719 3358 756 3419 ab
789 3357 844 3418 hac
878 3360 1020 3437 amicitia,
1051 3378 1150 3419 nona
1180 3357 1306 3419 discidio
1332 3360 1406 3419 illud

251 3452 411 3539 repetiit2),
438 3458 520 3517 cuius
552 3456 672 3535 quidem
699 3454 842 3517 historiae
871 3458 955 3517 initia
989 3458 1140 3534 lloratiuS‚
1176 3476 1244 3517 cum
1274 3460 1406 3535 primurn

251 3572 370 3615 carmen
394 3554 516 3615 alterius
541 3554 611 3615 libri
635 3563 826 3633 componeret
850 3548 951 3637 (paulo
975 3562 1043 3635 post
1067 3554 1180 3617 bellum
1201 3550 1404 3639 Actiacum³))

339 3710 365 3779 1)
386 3708 518 3773 Quintis
540 3716 564 3773 1,
580 3716 643 3771 1133
666 3714 747 3773 217.
780 3708 889 3772 Xllld,
905 3716 947 3761 11.
987 3710 1025 3763 Cf.
1043 3710 1107 3763 Tac.
1123 3710 1189 3763 clial.
1206 3716 1249 3762 21.
1284 3710 1406 3763 Senecae

250 3806 291 3857 ep.
311 3794 370 3857 100,
384 3794 411 3845 λε
433 3790 589 3857 corapost‘tio
609 3788 747 3843 salebroso
765 3796 789 3843 et
809 3792 931 3843 exiliens.

338 3872 364 3939 2)
385 3866 424 3923 Of.
441 3868 513 3923 Plus.
525 3866 602 3923 Caes,
618 3872 648 3921 13
671 3870 712 3923 Oa
729 3868 790 3939 yda,
807 3872 843 3931 ὡς
862 3868 888 3923 οἱ
907 3872 1030 3923 πλεῖστον
1046 3869 1214 3937 νομίζουσιν,
1230 3867 1405 3939 anatemque

249 3950 295 4001 aul
306 3948 456 4019 Πομπηίου
472 3948 598 4019 διαφορὰ
613 3950 679 4011 τοὺς
693 3946 845 4019 ἐμφυλίους
859 3950 1050 4019 ἀπειργάσατο
1062 3948 1206 4017 πολέμους,
1218 3950 1288 4004 ἀλλὰ
1302 3954 1405 4019 μᾶλλον

249 4028 265 4097 ἡ
288 4026 382 4097 φιλία,
402 4028 562 4085 συστάντων
585 4028 631 4083 ἐπὶ
651 4030 799 4085 καταλύσει
825 4038 876 4097 τῆς
901 4028 1119 4097 ἀριστοκρατίας
1144 4032 1178 4085 τὸ
1200 4040 1319 4098 πρῶτον,
1344 4026 1404 4085 εἶτα

249 4106 334 4173 οὕτως
354 4110 403 4163 aul
424 4108 494 4175 πρὸς
513 4110 646 4177 ἀλλήλους
666 4108 848 4163 διαστάντων.

337 4194 365 4259 3)
385 4190 422 4243 Vt
436 4190 559 4261 Augusti
579 4190 793 4245 commentarios
809 4190 845 4245 ab
860 4190 958 4243 Asinio
975 4190 1121 4245 adhibitos
1134 4206 1196 4243 esse
1210 4190 1404 4245 demonstrare

249 4274 349 4337 posset,
371 4268 550 4323 Koruemann
569 4290 594 4339 p.
613 4274 663 4325 652
676 4288 713 4337 sq.
730 4272 865 4325 historias
882 4272 948 4339 post
967 4287 992 4327 a.
1004 4270 1112 4342 antrat
1131 4272 1166 4324 ad
1186 4270 1270 4325 finem
1285 4273 1403 4339 perduc·

249 4352 291 4401 tos
313 4366 372 4403 esse
392 4346 545 4403 arbitratus
566 4354 614 4403 est.
