3234 4950
602 376 632 429 d.
647 372 801 429 LICINIVS
823 372 1009 429 MVOIANVS
1253 396 1384 441 cxxxxl

326 546 451 603 Litteras
470 552 569 603 niuem
588 562 654 603 eum
676 544 802 603 coluisse
827 542 905 603 solas
926 542 1045 603 Tacitus
1067 546 1098 602 ia
1126 542 1239 621 dialogo
1257 552 1384 603 testatur

236 648 276 721 (c.
296 644 367 717 37):
392 644 501 703 Nescio
524 660 566 701 cin
589 648 730 703 uenerint
755 648 784 703 in
810 660 917 702 munus
937 650 1056 701 uestros
1073 644 1150 702 buce
1169 651 1285 718 stetero,
1307 660 1384 717 quoe

235 752 264 805 et
285 746 318 801 in
342 744 588 815 antiquariorum
613 744 800 803 bibliothecis
829 743 933 801 adbuc
958 748 1081 801 munient
1109 749 1138 801 et
1160 758 1228 801 cum
1252 744 1384 801 menime

235 860 255 903 u
275 840 420 899 Muciano
447 842 680 915 contrabuntur,
709 858 747 899 uc
770 844 831 899 inm
854 840 1004 913 undecim,
1032 849 1067 899 ut
1088 845 1205 915 opinor,
1238 841 1383 899 Actorum

234 942 322 1001 libris
350 946 381 999 et
409 940 508 999 tribus
536 940 747 1013 Epistularum
776 942 943 1013 compositu
972 947 1003 997 ct
1030 942 1114 997 editu
1142 945 1220 997 stent.
1266 956 1309 997 en
1335 940 1384 999 bis

234 1040 369 1111 iutellepl
389 1044 490 1113 potest
523 1038 574 1095 dii.
598 1038 771 1113 Pompeium
796 1037 882 1095 etM.
900 1037 1042 1095 Crassum
1067 1054 1127 1095 non
1149 1038 1269 1097 uiribus
1295 1040 1383 1095 morlo

235 1144 264 1197 ct
286 1140 382 1195 tumis
407 1138 462 1195 sed
491 1140 612 1209 inuenio
644 1152 762 1209 quoque
791 1143 822 1195 et
847 1138 989 1193 oratioue
1016 1138 1156 1211 iculm'sse,
1189 1134 1331 1195 Lentulos
1355 1142 1384 1195 et

235 1236 372 1295 Metellos
399 1242 428 1293 et
452 1232 592 1293 lucullos
622 1242 648 1293 et
683 1236 828 1293 Curiones
854 1241 885 1291 et
911 1239 1045 1293 celerum
1067 1252 1234 1309 [traderem
1260 1252 1382 1293 intritum

234 1336 357 1393 multtum
384 1336 412 1391 in
439 1334 483 1391 lits
508 1336 616 1391 studiis
640 1350 752 1407 operae
774 1349 930 1405 curaeque
945 1336 1096 1407 posuisse,
1126 1350 1183 1391 nec
1204 1350 1382 1407 quemquam

235 1434 293 1491 illis
320 1432 503 1505 temporibus
529 1448 672 1503 mupnom
695 1434 866 1505 potentium
892 1434 959 1489 sine
988 1434 1091 1503 utique
1118 1434 1289 1505 eloquentia
1313 1448 1383 1491 coii-

234 1536 380 1589 secutum.
412 1548 469 1605 {prio
495 1528 614 1607 quidem
639 1548 736 1607 ripere,
761 1530 845 1587 cuitus
872 1548 894 1587 a.
914 1523 1031 1592 'titum
1057 1528 1195 1587 undecim
1217 1528 1287 1587 libri
1313 1528 1384 1589 editi

236 1634 329 1707 erant,
349 1626 399 1685 alii
418 1626 672 1705 exspectabantur,
690 1628 753 1687 siue
773 1646 826 1687 suo
845 1627 908 1705 ipse
929 1628 1049 1703 iugenio
1069 1626 1192 1687 Indulsit
1210 1630 1273 1687 siue
1295 1630 1383 1687 eliam

236 1726 405 1803 Vespasiani
429 1724 575 1785 uoluntati
596 1732 659 1785 tmu
688 1725 862 1786 documenta
890 1724 1025 1803 Capitolii
1051 1746 1074 1785 a.
1093 1721 1220 1804 ostam
1245 1726 1383 1785 incendio

236 1816 395 1885 erimbusti
414 1824 597 1883 restituentis
634 1826 756 1899 (Geruli.
775 1824 846 1885 Luc.
868 1826 889 1883 I
900 1842 936 1899 p.
954 1824 1105 1899 2523qu,
1138 1826 1216 1883 inter
1250 1826 1383 1884 curiosos

235 1930 316 1983 certe
340 1930 369 1983 et
393 1924 573 2001 autIquaI'Ios
604 1942 671 1983 eum
701 1922 833 1983 habilurn
863 1940 930 1982 esse
953 1928 1070 1981 constat
1096 1914 1169 2005 (qno
1194 1942 1261 1982 enm
1285 1922 1383 1983 studio

234 2040 293 2081 non
319 2020 465 2099 discrepat
490 2020 569 2101 quod
596 2040 631 2081 eo
659 2028 777 2081 auc-tore
803 2022 1000 2099 Vespasianus
1025 2020 1216 2099 philosophos
1247 2040 1280 2079 ex
1310 2020 1384 2081 urbe

235 2120 353 2199 expulit,
380 2122 437 2181 Dio
461 2114 588 2203 oo,13)
614 2138 678 2199 nec,
707 2140 773 2181 cum
803 2122 893 2180 nimia
917 2138 967 2179 sun
994 2118 1099 2179 liducia
1124 2120 1312 2199 imperatoris
1334 2140 1383 2181 oc·

235 2218 343 2279 cultam
359 2218 536 2279 simultatem
557 2220 701 2279 mouisset
719 2220 817 2293 (Suet.
839 2220 921 2295 Vesp.
940 2218 1005 2295 13),
1023 2220 1082 2277 otio
1103 2220 1237 2277 caruisse
1255 2220 1383 2298 uidetur,

235 2316 327 2397 quod,
354 2324 389 2377 ut
416 2336 533 2395 semper
558 2326 621 2377 erat
643 2320 759 2397 userius7
787 2324 874 2377 antea
899 2318 933 2374 in
958 2318 1061 2377 nimiis
1087 2316 1290 2395 uoluptatibus
1315 2337 1383 2377 eon-

236 2424 403 2496 sumpseral
430 2418 516 2490 (Tuo.
536 2418 571 2496 1,
595 2418 664 2494 ld),
698 2424 760 2476 turn
783 2416 821 2476 ad
842 2414 956 2476 litteras
986 2416 1187 2476 conuertebat.
1221 2418 1279 2476 iam
1311 2436 1383 2476 uero

236 2515 359 2576 aliorum
386 2515 507 2594 gloriam
530 2515 632 2576 inuide
656 2515 871 2594 aemulabatur,
902 2516 1029 2574 maxime
1055 2533 1170 2594 eorum7
1199 2519 1251 2594 qni
1271 2517 1383 2576 alelnis

234 2617 398 2694 prouinciis
411 2615 573 2694 praepositi
592 2623 693 2674 essent
711 2617 798 2688 (Tac.
815 2617 841 2674 b.
857 2615 897 2673 H
906 2615 937 2674 5.
952 2615 991 2690 cf.
1007 2615 1126 2674 [1153.
1142 2616 1221 2674 Suet.
1241 2617 1323 2692 Vesp.
1338 2617 1383 2688 6).

233 2715 334 2793 itaque
357 2715 466 2774 mirum
491 2721 579 2792 esset,
608 2717 635 2774 si
656 2731 725 2792 nuny
756 2721 786 2774 ut
813 2713 863 2772 dn.
888 2713 1047 2772 Domitium
1072 2711 1267 2772 Corbulonem
1299 2713 1383 2772 laude

235 2833 286 2872 sua
321 2821 471 2890 aequaret,
506 2811 584 2872 idern
624 2815 850 2872 eomnreutarios
889 2813 1113 2890 composuisset.
1167 2813 1237 2872 ltine
1268 2811 1383 2872 Plinius

235 2929 336 2972 eorum
359 2915 478 2972 nentina
503 2915 531 2972 in
558 2910 705 2972 indicibus
730 2911 875 2972 lIlirorum
897 2911 921 2967 V
945 2918 973 2968 et
998 2911 1032 2968 VI
1058 2911 1216 2987 coniunxit,
1244 2911 1294 2988 qui
1318 2913 1382 2988 qui·

236 3011 300 3070 dem
327 3005 501 3070 Corbulonis
525 3029 573 3070 res
595 3009 672 3070 bello
698 3017 794 3088 gestas
819 3029 879 3070 non
899 3011 1000 3068 minus
1022 3011 1125 3068 tacuit.

324 3109 424 3168 Editus
450 3117 546 3168 autern
571 3109 624 3168 hos
649 3111 877 3170 commentarios
900 3127 967 3168 esse
993 3115 1060 3167 ante
1083 3103 1218 3188 Vlf'830,
1245 3109 1383 3184 (moniam

233 3207 387 3268 Mucianus
419 3209 450 3268 iu
482 3209 606 3268 historia
640 3209 765 3268 naturali
803 3216 867 3268 turn
897 3209 1028 3284 primum
1067 3205 1198 3266 absoluta
1235 3213 1267 3266 nt
1305 3207 1384 3266 inter

233 3315 365 3366 mortuos
391 3313 539 3384 tractatur,
566 3315 679 3368 certum
704 3315 757 3386 est)
776 3309 877 3366 minus
895 3305 976 3384 illud,
1003 3305 1080 3384 quod
1103 3312 1171 3382 post
1194 3304 1314 3382 Lyciam
1332 3305 1382 3364 ad·

233 3407 431 3466 miniStratam
461 3423 494 3466 eo
522 3413 666 3484 tempore,
698 3427 755 3484 quo
784 3405 894 3466 Romae
920 3403 1023 3484 procul
1052 3405 1179 3482 negotiis
1205 3403 1384 3464 uersabatnr

235 3497 269 3586 (i.
287 3523 312 3562 e.
338 3511 403 3564 ante
429 3523 453 3564 a.
473 3499 627 3588 GVVSQO),
650 3503 754 3564 Brenn
770 3523 803 3580 p.
824 3505 921 3578 2tlsu.
946 3505 1057 3581 statuit,
1086 3505 1213 3562 maxime
1250 3521 1314 3562 earn
1345 3503 1383 3563 ob

234 3621 360 3680 causam,
386 3601 463 3682 quod
488 3623 534 3662 res
562 3623 576 3662 a
598 3603 732 3664 blasiano
758 3603 882 3664 traditae
904 3603 981 3661 intra
1006 3601 1085 3660 illam
1109 3603 1295 3680 prouinciam
1315 3619 1383 3660 eon·

233 3703 402 3762 linerentur
419 3721 516 3780 neque
534 3703 593 3762 nlla
614 3703 648 3762 ad
669 3703 782 3780 SprIam
800 3695 938 3784 (excepto
956 3701 992 3760 lr.
1008 3694 1042 3783 8)
1063 3694 1262 3783 pertinerem)
1293 3703 1383 3760 immo

233 3801 327 3878 magis
343 3799 423 3860 adid
444 3807 559 3880 tempus
579 3801 698 3880 incline,
718 3821 774 3880 «tuo
797 3799 850 3860 sub
871 3799 1049 3878 Vespasiano
1069 3799 1165 3867 auita
1184 3799 1304 3876 publica
1321 3817 1382 3856 orn·

233 3901 304 3958 nino
329 3917 359 3958 se
385 3907 552 3980 1'eeeperat3
578 3919 644 3958 nam
668 3899 780 3960 Plinius
807 3918 875 3958 enm
896 3917 957 3958 non
981 3897 1077 3958 solnm
1100 3893 1276 3958 ‘ueteribus'
1302 3897 1336 3956 l.
1361 3893 1383 3956 4

232 4003 264 4056 et
285 3991 306 4054 5
331 3999 467 4076 opposuit
491 4003 540 4058 aut
566 3995 720 4076 ‘proxime’
745 3997 857 4058 uidIsse
878 4015 935 4076 res,
958 4015 1030 4074 quas
1057 3995 1272 4074 descripsisset,
1303 3995 1382 4054 addi·

235 4093 277 4154 dit
300 4095 353 4172 (fr.
368 4097 462 4170 7.le
483 4095 534 4156 sed
556 4099 644 4156 etiam
663 4091 859 4174 ‘nuperrime'
879 4113 928 4154 eas
947 4095 1114 4174 prodidisse
1134 4095 1189 4170 (fr.
1203 4095 1269 4168 23).
1305 4093 1383 4172 quod

233 4201 332 4252 aulem
355 4201 413 4254 tam
440 4213 525 4274 saepe
546 4213 613 4254 eum
639 4201 787 4256 auctorem
814 4196 901 4253 etiarn
920 4195 1092 4272 nontimebit,
1108 4195 1202 4272 ipsius
1220 4195 1382 4252 memoriae

233 4325 454 4332 --..,--.....-...

326 4403 348 4470 1)
368 4399 448 4454 Nihil
467 4401 535 4456 uenti
557 4403 630 4456 Oder
648 4405 719 4456 Pbll.
737 4403 832 4472 Suppl.
849 4403 910 4456 VII
922 4419 951 4470 p.
965 4405 1022 4456 292
1040 4401 1168 4470 protulit.
