3234 4950
264 405 385 450 Lxxxpl
513 381 561 434 Du
582 379 813 436 SCRIPTORVM
833 379 926 433 Viris
945 380 992 432 ΕΤ
1013 379 1170 433 SCRIPTIS

263 555 328 613 eius
363 557 482 610 auctore
515 549 639 624 cogitari
673 551 775 626 possit.
822 557 854 606 at
880 563 956 626 quae
985 555 1128 606 secuntur
1158 547 1214 606 alia
1241 556 1311 606 suut
1343 547 1420 626 apud

262 647 468 724 Plutarchum,
501 645 557 706 alia
591 645 669 726 apud
700 647 866 724 Appianum
891 645 1095 718 (uocantum
1113 663 1150 720 p.
1169 645 1294 722 itaq),
1323 662 1420 720 neque

262 765 405 822 umquam
429 745 479 804 hic
498 743 645 804 Volumnii
671 747 854 804 mentionem
876 743 947 802 lecit
973 741 1027 802 sed
1048 741 1085 800 ah
1108 761 1168 800 uno
1188 741 1325 802 Stratone
1345 741 1419 800 Bru-

267 851 330 904 tum
353 843 486 902 adiutum
506 861 570 900 esse
591 841 681 902 tradit
696 843 736 912 (c.
752 841 843 918 131),
861 849 894 900 ut
913 838 995 900 illum
1015 857 1136 900 uersum
1162 839 1198 899 ah
1222 839 1279 898 hoc
1300 849 1335 899 ut
1357 848 1420 898 tum

263 941 483 1018 frequentatum
506 975 550 980 m
574 957 642 1000 nam
667 941 826 998 Antonium
856 939 967 998 Brutus
994 955 1031 996 eo
1058 939 1280 1014 signiticauerat
1302 973 1345 979 —
1369 937 1418 996 uel

263 1057 298 1098 ex
327 1037 383 1096 alio
415 1036 489 1116 lihro
518 1037 567 1096 uel
598 1055 631 1098 ex
658 1055 794 1096 sermone
818 1044 976 1114 exceptum
999 1054 1065 1096 esse
1096 1039 1162 1094 ueri
1184 1035 1312 1096 similius
1338 1039 1385 1096 sit.
1394 1030 1418 1117 ¹)

263 1137 354 1194 etiam
382 1143 482 1194 cetera
510 1135 547 1194 ad
575 1133 742 1194 Messallam
766 1133 896 1212 trahunt,
921 1135 951 1192 iu
980 1137 1087 1212 primis
1110 1153 1276 1194 consensus
1305 1133 1342 1194 de
1364 1151 1418 1194 nu·

262 1251 346 1294 mero
379 1233 507 1290 militum
538 1233 703 1292 (recisorum
738 1233 772 1292 l'r.
799 1227 818 1290 3
854 1231 930 1309 aliud
964 1231 1156 1292 Plutarchum
1186 1249 1255 1290 cum
1287 1233 1418 1310 Appiano

261 1331 299 1390 pp
319 1327 390 1408 iti,
417 1329 468 1390 ubi
491 1329 569 1406 quod
594 1329 729 1390 Messalla
759 1347 791 1390 se
814 1331 931 1408 opinari
956 1331 1126 1409 scripserat,
1152 1330 1301 1408 appianus
1325 1329 1418 1390 uerbo

263 1425 428 1502 εἰκάζουσι
457 1431 577 1506 repetit,
609 1435 635 1488 et
667 1427 700 1488 de
733 1427 780 1488 die
807 1431 919 1506 prioris
946 1445 1077 1506 pugnae,
1107 1431 1160 1506 qui
1188 1427 1285 1488 Cassii
1311 1427 1421 1488 natalis

264 1527 355 1586 luerit
378 1527 472 1602 (fal
498 1545 545 1600 up.
567 1527 643 1586 Plut.
666 1533 693 1584 ct
715 1529 790 1602 App.
810 1527 832 1584 I
836 1527 863 1584 V
877 1527 966 1596 113).
1003 1527 1060 1584 alia
1095 1528 1229 1602 quaestio
1257 1532 1315 1602 est,
1347 1545 1419 1584 num

263 1627 353 1686 etiam
375 1623 527 1704 Appianas
552 1641 619 1684 eum
644 1625 742 1702 ipsum
766 1623 881 1684 adierit.
920 1623 950 1683 id
980 1625 1058 1702 (prod
1082 1643 1142 1682 nou
1166 1625 1287 1684 omnino
1310 1643 1328 1682 a
1350 1643 1420 1702 pro·

261 1719 416 1782 'habilitate
449 1721 597 1782 abhorret.
644 1721 695 1782 sed
730 1729 796 1782 uiui
829 1730 886 1800 est,
921 1730 950 1780 et.
983 1741 1085 1782 rerum
1116 1723 1311 1782 conformatio
1342 1723 1419 1800 apud

261 1821 453 1880 Plutarchum
483 1821 574 1878 multo
602 1821 883 1880 coniurentariorum
909 1819 1034 1879 similior
1060 1827 1107 1879 est
1130 1827 1161 1878 et
1182 1839 1290 1878 seusus
1311 1821 1419 1880 uolun-

260 1925 367 1996 tasque
394 1921 490 1996 magis
519 1917 555 1976 ad
584 1917 669 1976 Bruti
695 1919 923 1978 admirationem
951 1917 1073 1978 inclinat
1098 1937 1185 1996 quam
1211 1919 1288 1996 apud
1309 1918 1418 1998 Appia-

261 2033 349 2094 num,
379 2023 408 2076 et
441 2019 522 2094 ipsae
549 2033 597 2074 res
621 2015 764 2094 quaedam
791 2017 877 2076 aliter
902 2017 935 2076 ah
959 2024 1086 2094 utroque
1112 2019 1420 2089 1131131111]εωῖσῆ-

261 2133 355 2174 metatu
373 2133 406 2190 p.
427 2115 468 2172 41
485 2115 550 2192 sp),
573 2121 607 2172 ut
628 2133 702 2190 quae
726 2117 891 2174 eommunia
914 2124 989 2191 sunt,
1012 2115 1139 2192 Appiani
1164 2117 1328 2174 narrationi
1350 2133 1419 2194 per-

261 2221 369 2290 petuae
397 2213 484 2290 quasi
510 2213 646 2290 inspersa
676 2229 742 2274 esse
766 2211 926 2274 uideantur
949 2231 1043 2290 eaque
1067 2229 1157 2289 saepe
1182 2211 1310 2274 diuersis
1335 2213 1417 2274 locis.

263 2313 426 2370 coucimmt
448 2313 529 2370 enim
553 2319 653 2388 partes
677 2311 783 2370 haece:

309 2409 382 2470 Plut.
404 2429 428 2470 r.
448 2405 490 2468 37
507 2439 541 2454 m
556 2409 627 2489 App.
644 2407 671 2468 h.
687 2427 710 2466 c.
732 2409 766 2468 tv
789 2405 851 2468 101
874 2409 1046 2489 prodigium
1070 2407 1195 2468 duarum
1221 2411 1396 2489 aquilarum,

344 2542 355 2551 -
411 2504 492 2567 -39
507 2536 541 2555 =
588 2542 599 2551 -
654 2542 664 2551 -
695 2542 706 2549 -
746 2542 754 2551 =
790 2504 855 2569 134
876 2515 1016 2587 quattuor
1040 2506 1096 2567 alia
1117 2508 1262 2587 prompta,

696 2638 706 2647 -
746 2638 756 2649 ·
791 2602 855 2665 110
877 2608 1027 2665 sommum
1049 2626 1115 2685 ¹quo
1143 2606 1251 2667 Caesar
1280 2606 1417 2667 Octauia-

875 2724 932 2765 nus
952 2714 1091 2765 seruatus
1110 2712 1157 2763 est
1174 2712 1249 2765 teste
1265 2706 1330 2783 ipso
1347 2690 1426 2766 Cae-⁴

875 2822 941 2863 sare
969 2796 1017 2885 (ir.
1041 2797 1097 2885 10)

697 2934 708 2943 -
747 2936 757 2945 -
793 2899 856 2961 113
878 2902 976 2963 Cassii
998 2920 1089 2979 mors,

696 3034 707 3043 -
747 3034 757 3043 -
792 2996 856 3061 118
879 3000 989 3061 Brutus
1008 3000 1155 3061 militibus
1175 3000 1247 3061 duas
1266 3000 1358 3061 urbes
1373 3000 1417 3061 di-

880 3100 1034 3178 ripiendas
1055 3100 1212 3177 promittit,

696 3230 708 3239 -
747 3232 757 3239 -
790 3192 854 3255 128
876 3200 1049 3257 certaminis
1088 3196 1214 3257 duarum
1250 3198 1417 3277 aquilarum

880 3294 1058 3373 prodigium,

695 3426 706 3435 -
746 3428 756 3437 ·
792 3388 857 3454 134
877 3394 1019 3471 Aethiops
1035 3412 1194 3454 occurrens
1209 3401 1238 3455 et.
1249 3412 1304 3471 pro
1315 3398 1416 3455 omine

879 3493 998 3553 hahitus
1019 3512 1037 3551 a
1054 3491 1199 3551 militibus
1220 3496 1346 3571 occisus7

696 3622 707 3631 ·
746 3624 756 3633 ·
793 3586 855 3649 135
877 3608 959 3649 mors
984 3590 1040 3649 filii
1062 3590 1181 3649 Catonis
1200 3592 1358 3670 Vticensis

695 3720 706 3729 ·
747 3722 757 3731 -
793 3684 856 3745 129
879 3688 998 3749 deuotio
1023 3688 1139 3765 Lucilii7

696 3818 706 3829 -
745 3820 756 3829 -
792 3782 854 3847 tas
877 3804 987 3865 corpus
1014 3785 1101 3847 Bruti
1126 3780 1238 3847 ruortui
1266 3786 1301 3845 ah
1326 3788 1416 3847 Anto-

880 3888 931 3945 nio
953 3885 1139 3943 honoratum.

264 3982 367 4059 ltaque
395 4000 462 4041 cunr
492 3984 520 4041 iu
554 3982 751 4061 descriptione
782 4000 947 4061 pugnarum
977 3982 1212 4061 Philippensium
1239 4002 1262 4041 c.
1284 3979 1417 4044 36-53

357 4150 381 4217 l)
402 4144 538 4199 Similiter
562 4144 683 4215 dictum,
707 4162 762 4215 quo
789 4144 916 4199 Cassium
938 4147 1085 4215 angust-ias
1109 4162 1173 4201 suas
1196 4164 1260 4201 cum
1284 4146 1417 4215 Pompeio
1498 4204 1501 4207 ,

264 4228 369 4297 Magno
393 4228 457 4279 ante
483 4226 559 4295 prius
582 4226 721 4295 proelium
746 4231 956 4295 comparantem
979 4226 1112 4279 Messalla
1135 4228 1213 4296 apud
1233 4226 1418 4280 Plutarchum

263 4306 356 4441 {2erss
370 4306 570 4441 ἱῖίοὲῒὲὶἒθηῆθτ
594 4308 736 4361 mutatum
758 4307 905 4375 Appianas
926 4306 974 4375 (IV
993 4312 1054 4377 124)
1074 4306 1162 4361 Bruto
1183 4308 1271 4377 idque
1290 4312 1356 4361 ante
1374 4306 1416 4359 al-
