3234 4950
233 335 363 386 cxxxvr
482 317 528 370 bs
549 317 788 384 scelerosum·
800 317 890 372 VITIS
910 319 956 372 ΕΤ
976 317 1131 372 sestariis

233 487 350 548 hulonis
374 487 532 566 imperium
557 487 662 560 (ΧῘΠ
676 487 741 566 36),
767 487 963 548 Caesennium
985 485 1108 546 Paetum
1134 485 1273 544 omnibus
1295 485 1376 544 uitiis

233 587 444 662 erroribusque
483 583 633 662 obrutum,
675 587 725 662 qui
757 587 857 645 1111111111
881 603 1024 664 peruerse
1061 594 1092 644 et
1122 585 1230 644 inscite
1258 585 1375 662 egisset,

231 687 328 744 tristia
353 685 449 742 omina
475 685 645 762 spreuissei,
671 683 744 742 nibil.
766 683 955 762 prouidisset,
984 685 1120 742 militaria
1145 701 1270 741 munera
1293 681 1375 742 dese·

232 785 350 860 ruisset,
374 785 539 842 constantia
563 783 708 842 caruisset
732 789 767 860 et,
793 801 861 842 cum
878 781 1005 842 Corbulo
1024 801 1115 860 prope
1135 781 1259 858 adesset,
1280 779 1375 840 subito

235 879 375 940 derebus
394 883 456 940 suis
475 881 669 960 desperasset,
692 879 727 938 ad
747 879 895 940 Neronem
920 889 1016 940 autem
1037 883 1120 958 quasi
1138 879 1216 940 bello
1235 881 1376 956 conlecto,

233 979 420 1058 quodmodo
444 981 636 1058 suscepisset,
664 977 787 1040 ‘litteras
810 979 913 1040 uerbis
938 979 1118 1058 magnificis,
1148 997 1248 1040 rerum
1271 975 1373 1038 uanas'

231 1079 363 1138 misisset
390 1085 478 1156 atque
507 1079 595 1138 etiam
627 1085 656 1136 et
686 1077 762 1156 apud
787 1077 978 1154 Vologaesem
1005 1086 1036 1138 et
1064 1077 1141 1156 apud
1172 1077 1375 1154 Corbulonem,

231 1175 317 1236 modo
351 1195 385 1236 ex
419 1177 549 1238 bostium
581 1175 715 1236 iirtrcibus
749 1184 868 1256 ereptus
907 1175 1008 1238 eadem
1045 1177 1204 1238 uerborum
1238 1175 1377 1254 superbia

233 1275 373 1352 gloriatus
398 1283 478 1336 esset
500 1275 646 1352 huiusque
672 1273 750 1334 laudi
779 1276 1018 1353 olrtrectauisset,
1046 1284 1231 1353 postremum
1251 1273 1376 1334 Romam

232 1391 372 1434 reuersus
395 1373 432 1434 ab
455 1375 633 1452 imperatore
659 1379 844 1452 contemptus
873 1382 903 1434 et
930 1375 1045 1436 facetiis
1067 1373 1173 1434 illusus
1196 1380 1276 1433 esset
1301 1373 1351 1447 (X
1355 1373 1382 1431 V

233 1475 361 1544 o-17,·
383 1475 449 1548 25).
498 1481 525 1532 at
551 1471 677 1532 Corbulo
701 1479 731 1532 et
754 1473 850 1532 solitis
877 1475 909 1532 in
932 1475 997 1532 eius
1021 1473 1293 1534 dissimilitudinem
1314 1475 1375 1530 uir·

232 1571 343 1632 tutibus
366 1571 539 1652 cumulatur,
564 1575 615 1650 qui
638 1567 770 1648 ‘dignum
796 1571 998 1652 magnitudine
1015 1571 1117 1650 populi
1134 1567 1272 1632 Romani’
1296 1577 1376 1630 ratus

233 1673 269 1730 sit
304 1669 457 1730 Lucullum
492 1671 721 1750 Pompeiumque
755 1691 880 1752 aequare
915 1673 1019 1745 (XIII
1033 1673 1084 1731 34.
1112 1673 1179 1730 XV
1192 1673 1250 1742 27)
1286 1679 1313 1730 et
1346 1673 1378 1728 in

232 1777 365 1848 tempore
388 1769 522 1828 fortunae
553 1769 721 1832 moderatus
747 1773 828 1844 (XV
842 1773 886 1849 6),
916 1769 1029 1830 scilicet
1055 1778 1090 1830 ut
1119 1776 1258 1830 euentum
1288 1771 1376 1828 totius

233 1867 366 1928 diuturni
384 1867 454 1926 belli
474 1887 533 1928 uon
559 1877 704 1930 extortum
731 1869 781 1930 sed
806 1871 955 1948 sapienter
974 1869 1090 1928 Parthis
1113 1887 1289 1928 concessum
1311 1885 1377 1928 esse

233 1965 456 2026 demonstraret.
506 1969 576 2044 quin
608 1967 694 2028 etiam
722 1971 754 2028 in
786 1969 922 2029 minutiis
947 1967 1059 2027 iudicia
1085 1967 1260 2028 Corbulonis
1290 1985 1376 2044 agno·

232 2081 317 2126 scere
335 2063 412 2144 apud
428 2065 561 2126 Tacitum
582 2065 668 2126 nobis
686 2067 833 2144 uidemur,
852 2067 936 2126 uelut
953 2065 1032 2144 quod
1054 2065 1120 2126 Xlll
1139 2062 1182 2126 35
1204 2067 1288 2126 utin
1307 2060 1376 2124 iri

233 2165 281 2236 (m
302 2165 335 2224 Χ
340 2165 368 2222 V
383 2163 439 2236 Id)
464 2159 549 2224 ‘satis
573 2163 752 2226 constitisse’
764 2159 791 2248 1)
815 2165 968 2226 mollitiam
992 2173 1202 2224 ueteranorum
1228 2163 1299 2222 dicit
1316 2159 1377 2222 ‘ad-

233 2257 436 2340 notatumque'
461 2265 601 2322 saeuitiae
634 2263 741 2324 hiemis
770 2263 993 2342 documentum,
1025 2270 1185 2340 utrumque
1223 2269 1255 2321 ut
1295 2261 1377 2322 ducis

232 2363 329 2420 uirtus
354 2367 384 2420 et
405 2361 548 2438 patientia
572 2369 738 2438 augeretur.

323 2457 506 2539 Quemquam
534 2480 592 2521 non
623 2467 714 2523 totum
745 2482 774 2523 se
806 2461 870 2523 eius
896 2459 976 2522 laudi
1004 2459 1123 2521 addixit.
1175 2480 1270 2541 oeque
1300 2461 1377 2521 enim

233 2576 301 2619 eum
326 2560 493 2637 exscripsit,
518 2560 570 2619 sed
593 2560 690 2637 qualia
714 2560 770 2619 sibi
797 2562 862 2619 eius
884 2562 1014 2620 facinora
1037 2562 1101 2621 uisa
1125 2568 1226 2621 essent
1249 2560 1378 2637 quidque

164 2672 165 2675 ’
229 2658 296 2735 ipse
322 2674 354 2715 ex
377 2660 595 2719 commentariis
617 2656 783 2737 collegisset
802 2658 850 2719 uel
870 2658 904 2717 de
926 2660 967 2718 eis
987 2658 1187 2739 iudicauisset,
1211 2660 1377 2737 explicabit.

232 2758 331 2835 itaque
356 2774 423 2815 cum
449 2752 651 2835 ‘compositius
677 2778 765 2835 quam
788 2754 993 2817 lest-inaratius'
1013 2776 1077 2817 rem
1106 2776 1262 2835 aggressus
1292 2766 1378 2834 esset,

233 2852 429 2913 Corbulonem
455 2852 575 2915 ‘bellum
599 2856 707 2917 babere
728 2874 815 2935 quam
833 2874 937 2933 gerere
955 2852 1107 2915 nraluisse’
1130 2854 1220 2917 adicit
1241 2858 1290 2929 (X
1296 2858 1322 2915 V
1330 2858 1377 2935 3),

232 2952 333 3015 uerbis
347 2954 522 3033 ‚taragnilicis
547 2954 665 3033 gloriari
691 2956 811 3015 solitum
833 2974 898 3015 esse
923 2956 1027 3027 (XIII
1041 2958 1070 3015 8.
1094 2958 1129 3015 Χ
1134 2958 1159 3012 V
1175 2956 1243 3030 26),
1265 2956 1376 3015 aemuli

230 3064 292 3113 nou
316 3054 476 3131 patientem
501 3054 591 3113 luisse
617 3054 697 3127 (XV
712 3056 740 3111 7.
764 3054 854 3115 ΧΗ]
869 3054 901 3127 9)
930 3074 983 3114 uec
1005 3054 1093 3115 Paeto
1118 3057 1233 3131 roganti
1251 3072 1378 3133 propere

233 3150 418 3229 subuenisse,
446 3148 515 3229 ‘quo
539 3150 732 3229 gliscentibus
756 3154 897 3231 periculis
923 3154 1010 3213 etiam
1028 3152 1155 3213 subsidii
1175 3152 1239 3213 laus
1257 3172 1378 3231 augere·

182 3296 183 3301 1
232 3244 292 3309 tur’
316 3248 453 3329 (ΧΗ),
473 3256 535 3309 tum
561 3270 633 3325 uero
657 3252 800 3329 quaedam
821 3248 982 3328 ‘augendae
1003 3252 1067 3311 eius
1084 3248 1236 3311 infamiae'
1261 3270 1378 3329 compo-

177 3432 178 3435 ,
234 3348 330 3407 scisse
354 3348 435 3421 (XV
450 3348 500 3409 16.
521 3348 564 3425 fr.
584 3350 629 3421 2).
677 3368 747 3409 num
774 3356 874 3409 tamen
901 3350 966 3411 aliis
996 3348 1165 3410 auctoribus
1193 3368 1265 3410 usus
1291 3369 1378 3411 suum

233 3446 378 3507 iudicium
401 3450 568 3507 exercuerit
591 3450 622 3507 111
646 3448 770 3507 obscuro
791 3455 843 3507 est.
879 3448 926 3507 XV
946 3446 964 3509 6
991 3468 1056 3507 esse
1078 3468 1150 3507 usus
1175 3448 1303 3526 uidetur,
1326 3449 1378 3507 ubi

233 3552 389 3623 postquam
413 3542 546 3623 ‘plures’,
573 3546 648 3625 quod
674 3546 846 3625 Vologaeses
872 3564 902 3606 se
927 3548 1089 3626 recepisset
1118 3555 1145 3607 et
1169 3546 1378 3623 Tigranocerta

234 3644 354 3703 obsessa
380 3644 539 3723 omisisset,
569 3642 709 3731 baecj‘pt
737 3644 893 3705 formidine
922 3648 1001 3723 regis
1028 3655 1059 3705 et
1085 3644 1261 3705 Corbulonis
1288 3648 1378 3705 minis

234 3726 348 3821 patrata
373 3760 405 3801 ac
429 3742 585 3819 magnifica
609 3740 775 3803 sustulisse'
802 3746 943 3821 narrauit,
971 3740 1056 3805 ‘alios
1079 3744 1194 3803 occulto
1215 3743 1378 3821 pepigisse’

234 3858 303 3901 eum
330 3838 549 3919 ‘interpretatos
575 3834 663 3919 esse',
693 3848 724 3901 ut
749 3841 891 3919 Tigranes
914 3860 1030 3921 quoque
1056 3842 1090 3901 de
1114 3842 1253 3903 Arnaeuia
1275 3842 1378 3903 absce-

164 3956 165 3959 ’
236 3938 327 4017 deret,
350 3940 408 3999 uisi
435 3940 510 3999 sorte
534 3940 621 3999 etiam
647 3940 720 3999 barre
746 3942 1018 4019 interpretationem
1041 3960 1179 4001 sermone
1202 3942 1325 4018 excepit

326 4038 381 4097 Sed
402 4036 433 4095 H.
456 4036 580 4097 Schiller
599 4040 694 4109 (Nero
707 4058 739 4113 p.
757 4038 798 4097 14
808 4042 876 4113 sp),
893 4038 981 4099 Fabia
1002 4040 1042 4115 (p.
1058 4039 1219 4114 walmes),
1230 4038 1261 4097 L.
1276 4038 1379 4099 Bruma

235 4140 270 4209 (l.
278 4154 310 4213 p.
330 4156 428 4197 cusiri
446 4156 467 4197 s.
476 4154 510 4213 p.
525 4136 569 4195 34
582 4138 657 4211 sqq.)
677 4136 851 4197 Corbulonis
872 4140 1097 4197 comment-arios
1121 4156 1176 4215 per
1199 4136 1287 4197 alium
1313 4158 1378 4197 auc·

326 4348 351 4413 1)
370 4344 483 4399 'Facibus
505 4344 654 4399 admodum
674 4362 735 4397 raro
756 4344 808 4399 boe
827 4332 1068 4415 perfecto'uutur,
