3234 4950
326 346 472 391 Lxxxxn
575 322 622 375 DE
644 322 875 377 SCRLPTORVM
898 318 986 373 Viris
1008 320 1052 373 ΕΤ
1074 316 1228 373 scalaris

324 492 442 552 Catonis
466 492 496 547 in
522 490 657 549 Caesaris
680 490 845 567 perfidiam,
868 506 925 565 qua
945 488 1080 565 l'sipetes
1100 494 1130 547 et
1149 484 1311 545 Tencteros
1332 484 1474 565 fefellerit,

321 590 492 649 inuehentis
521 596 588 647 τῶν
614 610 664 659 τις
693 580 923 667 συγγραφέων,
948 592 1049 663 postea
1076 584 1183 643 Cacsar
1207 586 1270 661 ipse
1295 586 1379 655 (hell.
1401 586 1474 647 Gall.
1527 578 1528 609 ³

323 684 768 763 JV13,4),Plutarchumqne
786 688 818 745 in
837 686 898 743 uita
918 682 1000 741 Caes
1017 686 1055 755 (c.
1073 682 1140 759 22),
1159 682 1210 741 uhi
1233 690 1301 759 post
1322 682 1475 745 Caesarem

323 784 471 841 Tanusius
504 782 647 843 Geminus
671 784 725 859 (cf.
755 784 857 843 δαῖον.
883 782 955 841 aare.
975 782 1041 853 51).
1090 782 1234 857 sequitur,
1264 788 1296 839 ut
1329 780 1364 839 ad
1397 778 1475 843 illam

322 880 523 940 laudationem
550 880 685 941 Caesaris
715 890 863 957 reuertar,
890 878 923 937 ah
949 886 1075 955 utroque
1103 896 1162 937 non
1193 880 1289 955 ipsum
1320 876 1474 941 Caesarem

322 982 490 1057 inspectum
511 998 577 1039 esse
596 980 760 1039 sedatium
782 976 930 1057 quendam
955 984 1104 1035 auctorem
1125 976 1317 1051 neglegenter
1335 994 1369 1035 eo
1389 994 1475 1039 usum
1527 1056 1528 1059 Ἴ

323 1085 411 1155 atque
439 1078 671 1155 reprehensione
700 1078 823 1154 Pompei
849 1082 884 1135 ut
910 1074 994 1135 illum
1028 1076 1195 1133 nominaret
1224 1072 1393 1133 adductum.
1434 1078 1474 1135 sic
1526 1060 1528 1103 ³³

322 1182 419 1235 autem
449 1174 497 1235 uel
525 1175 629 1235 ultima
658 1176 774 1253 species
800 1174 897 1233 Asinii
925 1174 961 1231 ah
990 1174 1033 1231 eis
1062 1174 1135 1249 ipsis
1162 1192 1258 1249 usque
1287 1172 1324 1231 ad
1353 1172 1474 1235 caedem
1527 1232 1528 1235 ,

321 1272 458 1333 Caesaris
485 1272 610 1333 adhibiti
639 1272 821 1349 dissoluitur,
846 1290 919 1349 quae
951 1272 1096 1329 sententia
1122 1270 1255 1349 WiJ'nnii,
1277 1270 1473 1351 Wichmanni,

320 1370 427 1429 llanhii
453 1364 519 1453 (qui
547 1380 647 1431 tamen
670 1370 830 1429 admodum
854 1376 938 1429 caute
963 1368 1114 1447 iudicauit,
1139 1370 1254 1429 Ha'stor.
1274 1372 1357 1429 tantu.
1380 1370 1436 1429 III
1455 1372 1472 1429 2

312 1486 348 1544 p.
365 1468 433 1527 226
447 1464 535 1552 ενα),
558 1462 803 1551 llornemanni¹)‚
829 1466 954 1527 aliorum
977 1468 1081 1525 luerat.

410 1564 470 1625 Sed
488 1586 553 1627 eam
573 1570 633 1627 iam
652 1575 719 1627 ante
737 1584 786 1625 me
806 1564 893 1625 malti
910 1564 1164 1643 improbauerunt,
1185 1564 1325 1643 'lhouret
1339 1564 1473 1645 ludaich
1526 1568 1528 1631 t

321 1664 469 1743 Vollgratl,
487 1664 522 1723 Ο.
536 1664 568 1723 Ε.
586 1664 727 1742 Schmidt,
749 1664 780 1727 C.
795 1662 894 1741 Vogel,
913 1662 963 1721 alli
978 1666 1055 1735 (aad.
1074 1664 1197 1723 Schuaz
1217 1658 1267 1723 Hs
1278 1682 1312 1739 p.
1332 1664 1399 1741 24),
1424 1666 1471 1741 qui

321 1762 441 1842 quidem
470 1764 580 1841 partim
607 1762 763 1823 Strabonis
790 1762 1020 1821 commentarios
1048 1760 1162 1819 medios
1192 1762 1283 1821 luisse
1309 1764 1387 1821 inter
1410 1762 1472 1821 Asi·

319 1863 404 1920 nium
428 1869 460 1919 et
480 1860 648 1939 Appianum
670 1860 921 1937 Plutarchumque
953 1860 1093 1937 suspicati
1119 1866 1201 1937 sunt,
1224 1858 1255 1917 id
1279 1858 1371 1937 quod,
1394 1870 1472 1937 post-
1527 1866 1528 1925 ξ

320 1978 409 2035 quam
443 1960 561 2035 copiosa
594 1958 792 2035 disputatione
828 1956 895 2017 Otto
924 1958 1075 2031 (Quaestt.
1095 1958 1197 2017 Struh.
1218 1960 1303 2017 Staret.
1325 1958 1404 2033 Lepas.
1419 1960 1476 2017 XI
1527 2022 1528 2037 2

312 2076 348 2131 p.
366 2058 448 2127 245)
473 2058 601 2117 euicissc
631 2056 688 2115 sihi
714 2060 798 2117 uisus
834 2064 891 2133 est,
918 2056 1014 2115 firmis
1042 2056 1225 2133 argumentis
1258 2056 1473 2131 redarguerunt
1527 2102 1528 2105 ,

320 2152 511 2215 Kornemann
525 2158 542 2215 t.
552 2174 577 2215 st
584 2172 618 2229 p.
635 2156 701 2215 566
709 2174 772 2229 sqq.
787 2164 818 2215 et
834 2154 979 2213 Schwartz
997 2156 1042 2213 P:
1054 2154 1220 2229 Wr'ssHp.
1232 2154 1297 2213 235
1308 2172 1370 2227 sqq.
1392 2158 1471 2233 equi·
1526 2138 1528 2145 '

321 2252 388 2311 dem
413 2252 449 2311 de
473 2261 553 2311 certo
580 2260 700 2312 auctore
724 2252 942 2331 desperandum
971 2270 1036 2311 esse
1067 2252 1170 2311 censui
1195 2254 1326 2329 satisque
1348 2250 1471 2329 lrabeho,
1526 2242 1528 2273 ³

318 2358 400 2410 utro
423 2368 589 2410 sermone
611 2370 685 2411 usus
707 2361 793 2429 esset,
816 2350 1042 2411 demonstrasse.
1076 2368 1143 2409 narn
1168 2348 1204 2409 de
1229 2350 1307 2409 dicto
1332 2350 1382 2409 illo
1401 2348 1471 2409 Cae·
1526 2352 1528 2405 f

320 2450 396 2508 saris
409 2448 560 2510 Pharsalio
578 2450 632 2526 (fr.
640 2450 674 2522 2)
701 2449 805 2510 Τοῦτο
824 2442 1057 2528 ἐβουλήθησαν
1073 2446 1153 2508 addit
1167 2446 1342 2508 Plutarchus
1365 2446 1471 2510 Tochari

319 2561 402 2626 φησι
425 2546 586 2608 Πολλίων
601 2543 740 2618 Ἀσίνιος
764 2545 803 2608 τὰ
828 2543 955 2628 ῥήματα
974 2541 1147 2624 Ῥωμαϊστὶ
1174 2543 1235 2624 μὲν
1265 2541 1470 2626 ἀναφθένξα-

319 2647 402 2704 σθαι
415 2643 474 2706 τὸν
487 2644 643 2725 Καίσαρα
656 2681 709 2724 -‚
719 2639 906 2726 Ἑλληνιστὶ
921 2639 951 2704 d'
969 2639 1024 2704 ὑπ’
1044 2641 1148 2706 αὐτοῦ
1163 2639 1363 2724 γεγράφθαι.
1399 2645 1471 2704 haec

318 2751 418 2802 tamen
452 2761 521 2802 cum
551 2745 627 2822 ipsis
654 2747 846 2820 testimoniis,
882 2743 987 2822 quihus
1017 2741 1120 2802 Latine
1150 2745 1308 2822 scripsisse
1337 2743 1470 2804 Asinium

319 2849 447 2918 constat,
475 2850 607 2918 pugnant
631 2861 727 2918 neque
752 2843 913 2920 quidquam
939 2841 1097 2900 Suetonius
1124 2843 1200 2914 (aid.
1220 2843 1290 2900 adar.
1314 2843 1354 2900 ad
1374 2843 1415 2918 fr.
1436 2843 1469 2914 2)
1525 2877 1528 2928 ξ

317 2937 400 2998 ualet
426 2935 500 2997 ‘lloo
528 2937 701 3000 uoluerunt'
728 2939 770 2999 ad
795 2939 947 3000 uerbum
975 2957 1042 2998 eum
1074 2939 1184 2998 dixisse
1213 2939 1359 3018 reterens7
1394 2939 1470 3018 quod

317 3055 378 3095 non
398 3035 433 3096 ad
455 3035 599 3098 Graecum
618 3037 817 3116 Latinumque
839 3055 1008 3098 sermonem
1027 3037 1081 3096 sed
1099 3037 1136 3096 ad
1160 3035 1341 3116 diligentiam
1368 3057 1469 3098 nume·
1525 3067 1527 3118 g

317 3153 445 3212 rumque
473 3135 634 3194 uerborum
661 3131 832 3220 pertinet.2)
876 3137 957 3212 atqui
985 3135 1091 3194 Saldas
1117 3137 1170 3208 (II
1185 3137 1205 3194 2
1221 3155 1257 3212 p.
1276 3137 1356 3210 387)
1383 3137 1468 3196 etiarn
1525 3119 1527 3152 ²

317 3224 573 3292 alinm'Asinium
599 3233 763 3294 Pollionem
790 3243 958 3312 enumerat,
987 3251 1075 3312 [quem
1104 3233 1326 3294 Trallianum
1351 3241 1470 3312 praeter

317 3329 374 3390 alia
398 3333 555 3408 scripsisse
580 3331 670 3391 tradit
700 3329 784 3412 ‘cept
813 3335 873 3392 τοῦ
903 3327 1068 3412 ἐμφυλίου
1091 3339 1148 3410 τῆς
1167 3325 1289 3410 Ῥώμης
1313 3329 1469 3410 πολέμου,
1526 3383 1527 3386 ,

317 3425 357 3488 ὃν
389 3423 595 3506 ἐπολέμησαν
623 3427 753 3510 Καῖσάρ
781 3449 817 3490 τε
844 3427 899 3490 acl
924 3425 1117 3508 Ilopnq't'og'.
1155 3429 1234 3488 hunc
1262 3437 1360 3488 tamen
1389 3429 1468 3488 Tral-

317 3527 428 3586 lianum
449 3545 466 3586 a
482 3527 640 3586 Plutarcho
663 3547 723 3588 non
747 3547 813 3588 esso
834 3527 1031 3604 significatum
1057 3545 1092 3586 ex
1117 3547 1150 3588 eo
1175 3526 1366 3608 intellegitur,
1391 3527 1468 3606 quod

407 3683 433 3749 1)
454 3679 484 3732 0.
500 3679 629 3734 Basineri
650 3683 826 3750 Qaccesta'oa-es
844 3681 1027 3734 erscrra'ouoe
1040 3683 1062 3734 Ι
1078 3681 1192 3734 hloscau
1213 3687 1280 3734 1883
1303 3681 1374 3734 mihi
1390 3681 1468 3750 igno-

315 3766 362 3814 tae
383 3764 457 3816 sunt.
480 3768 484 3772 ‘
1364 3775 1375 3790 ·’

406 3845 433 3908 2)
454 3839 517 3896 ria.
533 3841 589 3896 Cic.
608 3841 646 3894 de
662 3841 749 3894 diul
768 3849 810 3908 44,
828 3847 859 3894 aa
885 3843 1019 3896 sorrentum
1041 3843 1155 3908 ¹atiriaco
1173 3845 1212 3896 ad
1230 3843 1342 3896 acerbum
1362 3859 1422 3896 cum
1442 3857 1468 3896 re

315 3925 479 3978 coaraaeaaisse.
500 3923 535 3976 de
554 3923 600 3974 fin.
614 3923 628 3974 I
644 3929 696 3986 2,4
713 3923 832 3990 fabellas
846 3923 966 3976 Latinas
979 3923 1018 3974 ud
1034 3923 1147 3976 uerbum
1162 3941 1175 3976 e
1193 3923 1305 3976 Graecis
1321 3939 1468 3990 expressos.

316 4005 392 4057 Suet.
407 4001 484 4058 Caes.
500 4009 535 4058 55
552 4004 634 4056 caios
651 4019 685 4054 αα
704 4005 827 4057 oratione
850 4033 884 4040 —
909 4003 946 4054 ad
970 4003 1081 4056 uerbum
1103 4005 1240 4058 nonnulla
1268 4003 1410 4056 transtulit
1439 4001 1468 4054 iu

315 4085 519 4138 diuinationem
539 4101 627 4136 suana.
659 4082 731 4152 Aug.
753 4089 786 4136 89
806 4091 955 4152 praececeptis
978 4091 1003 4136 ct
1029 4085 1150 4150 ementpla
1170 4115 1204 4122 m
1227 4085 1266 4136 ud
1287 4085 1400 4136 raerharm
1424 4099 1468 4136 erc-

315 4171 409 4230 cerpta
426 4195 461 4202 —
479 4163 609 4218 ntittehot.
625 4195 658 4202 -
673 4163 714 4215 Vt
730 4163 802 4214 illud
824 4161 943 4230 dictum,
962 4163 1003 4216 ita
1023 4163 1109 4214 etiam
1131 4165 1213 4218 ‘locta
1233 4165 1294 4216 oleo
1315 4165 1380 4216 esto'
1401 4163 1467 4214 Sue-

314 4243 410 4298 tonius
439 4241 517 4296 Caes.
536 4249 571 4296 32
594 4242 637 4296 ita.
658 4243 840 4308 memorauit,
864 4247 907 4310 ut,
933 4259 996 4306 cum
1016 4241 1119 4296 Graece
1140 4243 1169 4294 td
1192 4243 1378 4296 exclamatum
1407 4259 1466 4296 esse

315 4327 392 4377 certo
411 4325 544 4376 sciremus
564 4325 635 4390 (aad.
655 4325 733 4388 intio
749 4343 779 4392 p.
793 4327 854 4392 sapt,
875 4327 969 4376 tamen
988 4323 1031 4376 his
1053 4323 1169 4376 adderet
1191 4325 1314 4390 ‘larqaait’.

1524 3437 1527 3448 r
