3234 4950
340 355 360 400 J,
586 333 634 384 DE
654 331 884 386 SCRIPTORVM
903 329 995 384 VITIS
1016 331 1061 384 ET
1082 331 1236 386 sortieris

341 501 452 560 ciuium
475 501 638 576 cognitioni
661 499 828 560 subiciendi
851 499 1005 560 laudemus
1029 507 1058 558 11
1079 499 1248 580 prohemuS,
1273 507 1350 558 certa
1373 501 1485 558 ratione

341 599 499 658 destitutus
527 599 606 658 inter
632 609 788 678 praecepta
813 599 968 674 rhetorica,
993 615 1068 676 quae
1092 597 1244 674 didicerat,
1270 597 1485 656 curiositatem·

340 715 410 774 que,
442 715 532 774 quarn
562 698 594 756 in
625 697 722 756 Attico
756 695 968 774 admirabatur,
1001 697 1125 756 fluctuat
1155 705 1184 756 et
1216 713 1283 756 cum
1318 715 1364 756 res
1400 703 1484 756 antea

338 813 443 874 parum
469 793 625 871 diligenter
650 795 885 856 considerauerit
907 801 937 852 et
962 795 1128 872 digesserit,
1153 795 1274 854 fortuita
1298 795 1484 872 cogitatione,

337 893 478 972 lectione,
501 893 674 953 inuentione
700 897 798 971 auia,
825 911 911 972 quam
934 895 1088 970 ingressus
1112 899 1189 970 erat,
1212 891 1297 952 lacile
1323 911 1352 952 se
1380 891 1485 970 depelli

338 1009 442 1070 passus
471 993 501 1050 in
530 993 621 1050 miros
651 1011 769 1052 errores
795 991 972 1070 prolabitur,
1001 1009 1076 1068 quos
1108 993 1136 1050 si
1166 989 1422 1068 animaduerterit,
1452 999 1485 1050 111

338 1096 468 1168 excuset,
489 1089 600 1150 frustra
622 1107 743 1168 operam
769 1089 826 1148 dat.

425 1185 502 1248 Hinc
528 1186 563 1246 ad
588 1187 702 1266 singula
725 1191 789 1248 eius
815 1181 904 1266 opera
929 1185 1161 1266 progrediemur.

424 1285 559 1345 Primum
588 1287 644 1346 luit
670 1287 936 1362 chronicorum,
968 1285 1002 1344 de
1031 1285 1140 1364 quihus
1163 1287 1313 1364 singulare
1337 1285 1481 1364 quoddam

337 1385 540 1446 testimonium
565 1383 698 1444 Catullus
720 1387 884 1444 memoriae
910 1383 1052 1462 prodidit,
1084 1403 1150 1444 cum
1181 1387 1313 1444 carmina
1341 1383 1484 1464 quaedam

337 1483 372 1542 ad
406 1481 576 1542 Cornelium
600 1485 732 1542 mitteret
757 1485 885 1556 (Cicron.
902 1483 943 1560 sr.
965 1485 1007 1556 7).
1048 1501 1138 1560 qnam
1165 1481 1284 1560 quidem
1315 1481 1482 1542 Cornelium

335 1582 415 1642 hunc
442 1579 588 1660 Nepotem
619 1599 684 1640 esse
715 1581 822 1640 Catulli
851 1589 1079 1640 conterraneum
1105 1581 1254 1640 Ausonius
1276 1581 1481 1656 (p.12(lSch.

328 1699 362 1758 p.
383 1679 450 1738 186
474 1683 505 1738 Ρ.
532 1697 559 1738 τι.
586 1681 618 1752 9)
655 1681 815 1740 confirmat.
861 1683 963 1758 itaque
999 1681 1118 1758 scripsit
1156 1697 1191 1738 ca
1226 1679 1377 1758 aliquanto
1414 1687 1482 1740 ante

337 1799 360 1839 a.
384 1773 522 1857 541700,
549 1797 608 1855 quo
632 1777 765 1836 Catullus
790 1777 896 1838 ultima
923 1779 1053 1836 carmina
1079 1777 1169 1838 edidit
1193 1779 1279 1856 paulo
1303 1787 1370 1858 post
1393 1779 1480 1836 mori·

334 1869 465 1958 turusl),
484 1883 571 1954 atque
590 1877 715 1956 primus,
733 1876 771 1936 ad
788 1875 822 1936 id
840 1883 957 1956 tempus
971 1871 1078 1936 ‘unus'
1091 1875 1230 1938 italorum
1247 1875 1344 1938 ‘omne
1360 1871 1482 1936 aeuum'

335 1976 420 2035 libris
448 1975 543 2034 tribus
568 1975 723 2052 complecti
747 1993 837 2034 ansus
861 1983 913 2034 est.
953 1975 1035 2046 Quod
1058 1981 1157 2034 tamen
1181 1975 1280 2034 laudat
1302 1983 1389 2052 poeta
1414 1973 1481 2034 doc-

335 2077 443 2134 trinam
473 2081 501 2134 et.
530 2071 669 2151 laborem,
700 2091 900 2152 numerorum,
926 2073 1089 2152 nominum,
1113 2079 1268 2132 auctorum
1290 2073 1479 2134 multitudine

335 2174 467 2232 animum
488 2173 699 2250 praestrictum
723 2173 815 2232 fuisse
839 2171 888 2232 uel
911 2191 948 2232 ex
971 2175 1023 2248 eie,
1046 2189 1120 2250 quae
1147 2189 1233 2250 supra
1256 2171 1480 2250 disputauimm,

335 2271 560 2348 suspicabimur.
595 2271 721 2348 arripuit
742 2271 824 2330 enim
845 2289 911 2330 eum
925 2271 1042 2346 librum,
1059 2289 1147 2348 quem
1161 2261 1478 2354 11111111114517091

335 2371 370 2430 de
395 2367 585 2446 chronologia
606 2385 708 2428 rerum
730 2367 912 2428 Graecarum
939 2369 1164 2428 usitatissimum
1194 2371 1224 2428 in
1249 2369 1338 2428 Attici
1360 2367 1479 2448 quidem

334 2467 471 2529 manibus
497 2467 593 2529 fuisse
615 2466 720 2527 Cicero
745 2486 800 2545 pro
832 2476 911 2527 carto
939 2469 1034 2547 ponit,
1064 2465 1232 2545 Apollodori
1263 2465 1482 2539 1111011111(αά

334 2573 395 2629 Α11.
410 2568 482 2627 XII
499 2568 552 2642 23,
567 2560 646 2650 Di),
670 2584 796 2645 eumque
821 2568 852 2627 in
877 2584 964 2625 snum
986 2584 1155 2627 sermonem
1179 2566 1354 2627 translatum
1380 2576 1479 2645 spreto

334 2676 432 2727 tamen
451 2684 551 2742 uersu,
577 2686 633 2743 quo
653 2664 847 2743 Apollodorus
865 2682 938 2725 usus
959 2672 1030 2743 erat,
1052 2663 1144 2725 rebus
1161 2662 1302 2725 Romanis
1323 2664 1479 2743 suppleuit,

333 2774 366 2826 111
390 2764 513 2825 eandem
543 2767 686 2823 rationem
713 2764 761 2823 hie
784 2762 907 2823 subesse
930 2762 964 2821 E.
980 2762 1083 2821 Rohde
1107 2764 1278 2839 coniecerit,
1302 2782 1377 2841 quae
1401 2764 1479 2823 inter

332 2862 494 2923 Eusebium
520 2869 548 2921 11
571 2860 785 2940 Hieronymum
805 2860 966 2923 intercedit
988 2862 1077 2935 (mne.
1097 2862 1155 2921 Rh.
1173 2862 1218 2921 36
1234 2860 1376 2937 11535).
1409 2878 1478 2921 nam

331 2970 366 3023 ut
382 2962 578 3041 Apollodorus
598 2962 642 3019 sic
661 2958 758 3039 Nepos
782 2956 928 3041 Χρυυικσί
954 2962 1113 3037 inscripsit,
1140 2976 1263 3019 exorsus
1282 2958 1332 3019 illc
1355 2966 1417 3019 erat
1443 2960 1476 3019 ab

332 3062 456 3121 interitu
485 3058 591 3119 Troiae
619 3050 659 3139 (a.
684 3052 836 3141 118413),
863 3058 912 3119 hic
941 3058 1060 3117 Saturni
1091 3058 1148 3133 (fr.
1171 3058 1220 3137 I),
1250 3064 1331 3117 certe
1357 3058 1478 3117 Homeri

332 3210 572 3219 ..ὼ-ἒ...-

422 3306 447 3362 1)
469 3304 498 3355 A.
517 3306 621 3355 67-64
651 3300 785 3355 Schwabe
804 3300 923 3369 Quaerit.
947 3300 1002 3355 0111.
1024 3320 1049 3369 p.
1066 3306 1131 3369 296,
1156 3316 1212 3355 cca.
1232 3318 1258 3353 a.
1280 3304 1311 3353 65
1337 3300 1477 3355 Baehrens

333 3384 483 3439 0111111111
500 3400 530 3451 p.
545 3388 588 3435 69.

421 3466 448 3531 2)
469 3464 603 3529 Scymnua
621 3462 671 3529 qui
684 3462 790 3517 dicitur
802 3462 970 3517 uarietatem
988 3478 1089 3529 rerum,
1108 3478 1177 3529 quas
1199 3460 1386 3529 Apollodorus
1405 3478 1478 3515 eom-

331 3545 429 3615 plexua
448 3546 502 3609 est,
523 3542 566 3595 his
586 3544 714 3597 uersibus
731 3544 862 3595 laudauit
887 3544 928 3613 (16
941 3548 1026 3613 aqq.):
1045 3538 1122 3595 Ἔστι
1150 3538 1175 3595 d'
1195 3540 1213 3595 dl
1232 3538 1332 3611 γρσίφω
1349 3550 1474 3597 τοιαῦτα.

335 3632 401 3687 Τοῖς
423 3622 457 3681 ἐν,
478 3622 615 3696 Περγάμῳ
631 3623 635 3695 1
654 3626 819 3695 βασιλεῦσιν,
845 3616 882 3679 ὧν
902 3622 917 3691 ri
938 3622 1007 3687 δόξα
1027 3622 1074 3675 καὶ
1095 3622 1274 3691 τεθνηκότων
1290 3622 1293 3693 1
1310 3622 1389 3689 παρὰ
1408 3630 1475 3677 ττᾶστ

331 3706 399 3775 ἡμῖν
418 3706 488 3769 ζῶσα
507 3702 556 3757 διὰ
574 3706 680 3765 παντὸς
699 3704 777 3771 μένει
792 3703 795 3774 1
812 3712 866 3757 τῶν
883 3700 1008 3757 Ἀττικῶν
1032 3724 1074 3763 τις
1097 3700 1218 3771 γνησίων
1241 3720 1271 3755 τε
1295 3702 1474 3775 malvicinum]

331 3786 451 3855 γεγονὼς
480 3785 617 3853 ἀκουστὴς
644 3782 797 3853 Διογένους
825 3792 873 3837 τοῦ
904 3786 1041 3849 Στωϊκοῦ,
1064 3782 1066 3855 1
1094 3784 1301 3853 σννσσγσλακὼς
1331 3780 1359 3837 di
1389 3784 1476 3839 notha

327 3863 493 3936 Ἀριστάρχῳ
508 3862 619 3935 χρόνον,
632 3865 635 3936 1
649 3858 812 3929 συνετάξατ’
831 3864 886 3917 dard
905 3870 954 3931 τῆς
971 3868 1095 3933 Τρωϊκῆς
1109 3864 1234 3925 ἁλώσεως
1247 3862 1251 3937 1
1265 3862 1475 3933 χρονογραφίαν

331 3954 495 4015 στυιχυῦσαν
515 3946 580 4015 ἄχρι
599 3954 648 3999 τσῦ
667 3954 720 3999 νῦν
736 3942 807 4015 βίον.
821 3944 824 4015 1
838 3940 905 4013 ”Earn
920 3946 951 3997 ot
971 3946 1172 4009 τετταράκοντα
1193 3944 1263 4013 πρὸς
1283 3954 1339 4007 τοῖς
1357 3940 1455 4015 χιλίοις
1471 3946 1474 4017 1

331 4024 488 4096 ὡρισμένως
497 4025 610 4091 ἐξέθετο
626 4026 891 4093 καταριθμούμενος
901 4024 1006 4079 πόλεων
1020 4026 1023 4097 1
1036 4024 1156 4093 ἁλώσεις,
1168 4024 1350 4093 intramuranis
1364 4044 1476 4091 στρατο-

330 4108 432 4174 πέδων,
445 4109 447 4162 l
462 4108 678 4176 μεταναστάσεις
697 4106 799 4172 ἐθνῶν,
819 4104 965 4173 στρατείας
982 4106 1141 4177 βαρβάρων,
1155 4108 1157 4177 1
1169 4102 1296 4175 ἐφόδους,
1314 4106 1476 4171 περαιώσας

329 4208 360 4243 τε
377 4198 519 4242 ναυτικῶν
539 4186 651 4255 στόλων,
666 4189 669 4260 1
684 4186 780 4249 θέσεις
797 4186 923 4255 ἀγώνων,
944 4184 1106 4257 συμμαχίας,
1127 4188 1260 4253 σπονδάς,
1280 4186 1378 4255 μάχας,
1392 4186 1476 4257 11111111-

330 4270 386 4333 ξεις
409 4266 553 4339 βασιλέων,
578 4270 726 4338 ἐπιφανῶν
747 4268 860 4333 ἀνδρῶν
884 4266 971 4337 βίους,
982 4268 990 4339 1
1009 4268 1109 4337 φυγάς,
1135 4264 1290 4333 στρατείας,
1314 4266 1476 4329 καταλύσεις

329 4346 518 4417 τυραννίδων·
532 4348 535 4408 l
550 4348 666 4403 πάντων
684 4348 819 4417 ἐπιτομὴν
839 4358 894 4403 τῶν
912 4348 999 4417 χύδην
1022 4346 1178 4417 εἰρημένων,
