3234 4950
275 1318 452 1383 Sterilitate
485 1318 532 1383 rei
563 1340 661 1399 saepe
696 1338 831 1383 numero
861 1316 1044 1399 deterritus,
1072 1316 1133 1379 fide
1163 1316 1338 1399 promissae

184 1416 305 1481 totiens
330 1420 488 1481 retractus
514 1416 576 1479 hoc
611 1436 705 1499 opuS,
733 1416 823 1477 cuius
854 1414 993 1499 priorem
1023 1418 1146 1499 partem
1175 1418 1248 1477 ante
1278 1414 1338 1479 hos

183 1514 318 1601 triginta
349 1536 405 1577 sex
432 1536 534 1577 annos
560 1514 597 1577 in
622 1510 791 1595 publicum
813 1512 909 1597 edidi,
931 1512 1059 1577 tandem
1086 1512 1124 1575 ad
1148 1514 1243 1577 finem
1268 1534 1338 1597 per-

182 1613 282 1677 texui.
313 1612 468 1677 nimirum
487 1634 559 1675 cum
578 1610 774 1674 adsiduitate
793 1616 824 1673 et
846 1610 1028 1675 constantia
1047 1610 1220 1693 scriptores
1238 1610 1336 1675 etiam

183 1712 373 1793 posterioris
397 1710 512 1775 aetatis
541 1710 744 1791 maximeque
768 1706 975 1775 ecclesiastici
998 1708 1206 1793 peruoinendi
1237 1714 1337 1793 crant,

182 1810 245 1873 etsi
271 1810 389 1895 exigua
419 1832 490 1891 spes
522 1808 681 1871 incitabat
715 1830 753 1871 ex
786 1808 838 1871 his
872 1828 1042 1871 numerum
1078 1808 1335 1891 fragmentorum

183 1908 329 1993 augendi.
367 1930 442 1971 nam
466 1907 598 1971 iliorum
620 1906 764 1969 studium
789 1904 936 1969 uersandi
958 1904 1056 1969 ineis
1078 1904 1233 1987 historiis
1253 1928 1335 1989 quac

181 2010 255 2087 post
279 2006 422 2093 Augusti
447 2004 667 2087 principatum
694 2004 892 2089 compositae
922 2006 1005 2087 sunt,
1030 2002 1173 2087 legendis
1199 2006 1231 2067 et
1254 2006 1335 2067 trao-

181 2102 290 2167 tandis
321 2108 450 2187 praeter
483 2126 546 2187 eas,
571 2124 655 2185 quae
682 2102 782 2165 etiam
808 2124 894 2165 nunc
923 2106 1104 2183 supersunt,
1133 2104 1209 2183 post
1236 2100 1335 2165 breue

180 2205 309 2285 tempus
331 2200 486 2286 clanguit,
507 2198 666 2283 paulatim
688 2200 884 2264 exstinctum
911 2204 967 2283 est,
995 2204 1108 2263 tenues
1132 2204 1239 2263 autem
1265 2222 1335 2265 sen-

181 2300 303 2363 tentiae
328 2300 546 2383 paucioraqne
572 2298 686 2379 uerba,
716 2318 797 2381 quae
825 2320 864 2363 ex
893 2298 958 2361 iltis
987 2298 1073 2381 apud
1103 2298 1334 2363 ecclesiasticos

181 2404 309 2463 seruata
331 2402 417 2481 sunt,
439 2396 468 2459 si
492 2396 670 2482 Augustini
689 2394 926 2459 Varronianum
950 2396 1122 2478 exceperis
1154 2418 1224 2459 raro
1247 2396 1334 2480 ipso-

180 2519 252 2560 rum
275 2497 438 2562 doctrinae
463 2495 628 2578 debentur,
655 2493 749 2560 etiam
775 2497 885 2574 rarius,
911 2517 974 2578 quo
997 2495 1144 2580 longiore
1168 2495 1273 2576 spatio
1296 2495 1334 2580 is,

180 2595 232 2658 cni
256 2595 417 2673 debemus,
443 2595 486 2658 ab
508 2593 696 2657 auctoribus
722 2593 869 2676 distabat,
899 2595 944 2657 ita
970 2595 1003 2656 ut
1030 2591 1157 2676 saepius
1178 2613 1237 2676 per
1261 2615 1332 2658 con-

169 2693 288 2776 'plures
313 2715 429 2756 manus
457 2691 549 2776 quasi
577 2691 756 2755 hereditate
785 2715 886 2776 usque
911 2691 949 2754 ad
975 2695 1118 2754 nostram
1145 2691 1332 2754 memoriam
1399 2751 1401 2754 .

179 2796 360 2877 propagata
382 2793 454 2854 sint.

265 2889 379 2972 Itaque
409 2889 520 2954 labore
550 2887 734 2952 intermisso
761 2911 836 2952 cum
864 2887 1002 2972 experiri
1034 2887 1226 2970 statuissem,
1253 2909 1332 2952 num

179 2985 281 3050 multa
303 3009 356 3052 me
376 2987 547 3072 fugissent,
571 2987 723 3061 omnibus
745 2985 937 3070 fragmentis
962 2985 1191 3050 historicorum
1218 2985 1332 3050 Roma-

177 3107 294 3150 norum
316 3109 344 3150 a.
364 3087 450 3150 1883
475 3083 614 3164 emissis,
636 3087 666 3148 si
689 3083 767 3168 quid
790 3085 936 3150 uouisset
961 3085 1095 3166 rectius,
1117 3087 1156 3148 ut
1177 3083 1331 3150 candidus

177 3183 357 3270 inpertiret,
388 3183 423 3246 in
455 3183 667 3264 inscriptione
697 3182 848 3248 inuitaui.
889 3205 1050 3266 perpauca
1082 3187 1190 3246 tamen
1225 3183 1331 3248 adlata

178 3285 260 3344 sunt.
301 3303 380 3365 quae
406 3303 480 3365 spes
502 3303 698 3366 quamquam
723 3303 774 3345 me
792 3281 918 3366 fefellit,
942 3279 1085 3344 animum
1104 3285 1215 3344 tamen
1233 3285 1330 3366 atque

177 3379 325 3444 fiduciam
341 3381 447 3462 operis
463 3381 651 3444 absoluendi
666 3379 729 3442 hoc
745 3381 849 3444 erexit
863 3383 895 3444 et
911 3379 1120 3444 confirmauit.
1158 3379 1212 3444 sed
1227 3381 1329 3462 prius-

178 3499 274 3560 quam
294 3479 333 3542 ad
353 3479 536 3564 fragmenta
553 3477 755 3540 retractanda
771 3477 969 3564 adgrederer,
986 3477 1107 3542 multae
1121 3477 1328 3542 difficultates

176 3579 207 3638 et
239 3575 456 3641 dubitationes
485 3575 691 3660 explicandae
721 3580 819 3660 erant,
849 3599 886 3640 cx
913 3577 1031 3660 quibus
1054 3575 1332 3664 disputationibus

176 3673 274 3738 etiam
307 3675 369 3738 duo
403 3675 568 3738 uolumina
604 3672 680 3760 (Dte
710 3675 936 3756 pesrtioirttioirc
971 3675 1143 3738 Littcrotnr
1173 3675 1247 3738 iiber
1280 3677 1329 3738 die

174 3771 324 3836 romische
342 3773 521 3838 Kaisersed
542 3773 590 3838 dis
610 3773 797 3838 Theodosius
820 3773 846 3836 Ι
862 3775 929 3838 und
952 3773 1020 3836 dire
1043 3771 1175 3854 Quirites,
1199 3771 1326 3854 Lipsiae

174 3869 209 3932 in
232 3871 366 3934 aedibus
388 3871 622 3936 Teubnerianis
649 3867 748 3956 1897)
773 3875 957 3954 euaserunt,
987 3873 1028 3934 ad
1054 3891 1136 3954 quae
1166 3893 1220 3934 eos
1244 3871 1326 3936 deic-

175 3969 328 4052 gauerim,
355 3969 409 4052 qni
432 3969 528 4032 huius
547 3969 714 4052 prooemia
737 3969 998 4034 desiderauerint.

262 4065 359 4132 Nunc
388 4067 561 4152 scriptores
591 4069 701 4132 eadem
730 4069 855 4134 ratione
882 4069 1047 4134 ordinatos
1076 4067 1231 4152 proposui
1263 4089 1326 4152 qua

175 4165 293 4248 prioris
314 4165 498 4249 uoluminis
526 4167 591 4230 nisi
614 4167 700 4248 quod
724 4166 777 4230 hio
799 4167 865 4230 illic
890 4165 1095 4230 similitudini
1120 4163 1248 4250 generis
1274 4167 1325 4230 uel

174 4263 293 4344 speciei
316 4263 389 4346 plus
414 4263 515 4328 tribui
541 4287 637 4346 quam
662 4263 768 4343 aetati,
793 4265 968 4350 eademque
991 4263 1150 4328 instructa
1173 4269 1206 4326 et
1230 4263 1325 4328 aduo-

173 4365 243 4424 tata
263 4363 454 4446 fragmenta.
487 4385 561 4426 nam
580 4363 721 4446 primum
739 4365 848 4428 omnia
871 4361 1029 4448 congessi,
1047 4383 1126 4446 quae
1148 4383 1205 4446 per
1224 4383 1324 4428 annos
