3234 4950
612 352 814 407 CORNELIVS
835 352 951 405 NEPOS
1178 372 1353 417 xxxxrutt

295 522 373 591 Quae
400 540 468 583 cum
492 540 540 581 res
562 522 604 579 ita
627 524 698 599 sint,
728 520 761 579 de
788 520 971 598 singularum
992 521 1122 579 uitarum
1148 518 1250 579 ordine
1278 519 1352 579 desi·

204 640 308 691 nemus
334 622 443 681 mirari.
478 628 609 697 tempora
634 622 715 679 enim
738 620 823 697 sequi
843 616 938 697 Nepos
966 616 1024 679 sibi
1040 621 1124 679 uisus
1146 627 1198 696 est,
1218 621 1276 677 etsi
1292 638 1352 679 nora

207 738 322 799 sertrper
344 726 480 779 accurate
497 718 595 777 tenuit
615 718 668 793 (cf.
684 718 744 779 Leo
760 722 778 777 Z.
790 736 811 775 s.
825 736 858 793 p.
870 716 960 794 198),
973 734 1067 793 usque
1089 716 1123 775 ad
1139 716 1353 775 Timoleontem

207 820 309 897 (XX),
336 826 398 877 ium
423 816 614 895 appendicem
640 814 799 893 subiunxit,
819 834 876 895 qua
897 814 1037 875 Graeciae
1056 817 1238 895 orientisque
1259 833 1353 893 reges

205 920 254 999 qui
280 920 351 975 item
373 918 587 993 imperatorum
611 912 697 973 laude
718 916 890 973 lloruissent
909 914 1038 973 sedium
1056 912 1183 973 inlihro
1205 912 1256 973 ‘lle
1277 917 1352 991 regi·

204 1012 277 1079 hus⁷
296 1016 412 1073 tractati
432 1022 540 1091 essent,
559 1014 648 1071 etiam
667 1014 698 1069 in
718 1012 774 1071 boc
793 1012 867 1071 libro
890 1021 1087 1071 enumeraret.
1109 1012 1234 1073 ornandi
1254 1021 1353 1071 tamen

205 1116 302 1193 operis
333 1130 420 1171 causa
448 1120 510 1171 arte
542 1110 660 1171 dicendi
687 1130 754 1171 cum
781 1110 831 1169 uel
853 1112 1003 1187 prooemia
1032 1110 1081 1171 uel
1106 1108 1236 1189 epilogos
1262 1114 1352 1171 inter-

178 1288 181 1297 .
205 1216 337 1293 poneret,
361 1210 390 1267 in
417 1210 460 1267 eis
484 1210 642 1269 admodum
661 1210 854 1285 neglegenter
870 1217 1010 1267 uersatus
1029 1226 1094 1267 rem
1111 1208 1251 1269 turbauit.
1285 1228 1354 1269 nant

205 1320 237 1373 ut
259 1310 418 1369 transitum
441 1326 457 1367 a
483 1308 636 1367 Timotheo
666 1306 701 1365 ad
730 1306 882 1367 llatarnem
907 1308 1020 1381 (XIV)
1043 1315 1169 1383 pararet,
1197 1306 1353 1387 Iphicratis

206 1408 295 1483 (XI),
319 1406 464 1465 Chabriae
488 1408 598 1483 (XII),
625 1406 775 1465 Timothei
799 1408 914 1481 (XIII)
943 1415 1106 1465 extremam
1141 1414 1267 1465 aetatem
1297 1408 1352 1465 im·

207 1514 372 1587 paratorum
405 1504 629 1565 Atheniensium
663 1522 759 1583 neque
792 1511 860 1581 post
894 1522 994 1563 eorum
1029 1502 1143 1563 obitum
1173 1522 1354 1583 quemquam

207 1606 309 1665 drrcem
340 1606 368 1663 in
399 1622 431 1663 ea
461 1602 535 1663 urbe
559 1602 679 1681 dignum
711 1606 854 1663 memoria
876 1602 970 1663 fuisse
994 1600 1066 1662 dicit
1091 1604 1194 1675 (XIII
1212 1604 1240 1677 d,
1257 1604 1300 1681 et),
1326 1611 1354 1663 at

205 1702 462 1765 undeuicesimum
485 1704 613 1761 uitarum
636 1702 731 1759 locum
751 1702 882 1759 Phocion
903 1700 1025 1777 obtinet,
1043 1720 1151 1779 neque,
1168 1700 1247 1779 equod
1270 1702 1353 1759 lacile

205 1802 271 1879 quis
295 1802 472 1877 suspicetur,
495 1818 599 1859 omnes
623 1808 689 1859 autc
714 1800 865 1860 Datamem
889 1798 1087 1859 Athenienses
1109 1798 1239 1875 luerunt,
1266 1802 1352 1859 etiam

169 1924 170 1927 ¹
204 1900 376 1977 PausaniaS,
402 1898 563 1977 Lysander,
589 1898 730 1957 Bioneis
754 1900 860 1957 inserti
885 1905 977 1957 erant.
1016 1898 1120 1975 quodsi
1149 1896 1295 1957 Hamilcar
1326 1905 1353 1957 et

204 1996 350 2057 Hannibal
369 2014 474 2075 agmen
493 1996 643 2075 claudunt,
663 2014 750 2057 causa
772 2004 799 2055 et
818 1998 850 2055 in
869 2003 966 2055 aetate
984 2005 1016 2055 et
1030 1996 1060 2053 in
1081 1998 1173 2074 patria
1194 1998 1288 2075 posita
1307 2005 1353 2055 est

205 2098 303 2169 (XXI
323 2098 353 2169 3,
368 2098 412 2169 5).
450 2096 554 2155 leuitas
581 2104 677 2155 autem
702 2094 824 2173 Nepotis
849 2096 938 2153 etiam
963 2114 997 2155 er
1023 2092 1134 2153 aliare
1158 2094 1269 2171 elucet,
1296 2114 1353 2173 qua

205 2194 304 2267 (XXI
320 2194 349 2269 I,
366 2196 400 2267 I)
420 2196 594 2273 priusquam
615 2194 651 2253 de
670 2194 790 2273 regibus
808 2201 938 2269 peroret,
959 2194 1012 2251 hos
1032 2193 1094 2251 lere
1113 2194 1207 2253 luisse
1224 2192 1353 2253 Graecae

206 2296 300 2371 gentis
327 2292 418 2353 duces
441 2292 601 2369 concludit,
624 2292 706 2351 idem
725 2296 775 2369 qui
795 2301 881 2351 antea
902 2292 1006 2363 (XIII
1020 2292 1048 2364 4,
1065 2294 1100 2365 5)
1118 2290 1272 2351 Datamem
1294 2292 1352 2351 lor-

205 2392 352 2449 tissimum
380 2392 481 2451 uirum
509 2392 688 2469 maximique
724 2390 842 2451 consilii
871 2394 1004 2450 omnium
1037 2388 1273 2449 barbarorum
1304 2410 1352 2449 ex·

204 2493 298 2566 ceptis
329 2489 441 2550 duobus
472 2489 779 2568 Carthaginiensibus,
806 2489 973 2550 Hamilcare
1002 2497 1033 2548 et
1053 2488 1229 2566 Hannibale,
1255 2491 1352 2568 appel·

205 2587 325 2666 lauerat,
342 2597 404 2648 tum
417 2597 485 2666 post
495 2589 690 2648 Hannibalem
707 2587 740 2648 ad
750 2589 901 2648 Romanos
914 2591 1097 2648 transiturus
1107 2588 1243 2659 (XXIII
1255 2589 1305 2663 13,
1317 2591 1351 2662 4)

205 2681 427 2764 eutrorumque’
441 2687 517 2746 facta
537 2687 665 2746 conferri
686 2687 776 2766 iubet,
795 2705 854 2764 qim
873 2687 997 2764 faciliuS,
1018 2687 1069 2762 qui
1088 2688 1148 2744 uiri
1164 2687 1352 2764 praeferendi

205 2785 273 2862 siut,
296 2787 391 2862 possit
414 2785 552 2864 iudicari,
579 2785 706 2864 denique
731 2783 858 2846 Graecos
884 2792 914 2844 et
935 2783 1092 2864 barbaros,
1115 2786 1143 2844 si
1165 2783 1352 2844 commodum

207 2891 277 2960 erat,
300 2877 463 2966 miscuit.)

293 2979 376 3040 Haud
407 3001 541 3060 magnam
570 2983 719 3060 igiturex
742 2981 797 3042 hoc
823 2981 921 3040 libello
948 2983 981 3042 de
1001 2981 1124 3060 Nepotis
1148 2983 1267 3062 ingenio
1290 2985 1352 3062 opi-

206 3079 323 3140 nionem
348 3081 544 3158 percepimus
583 3099 651 3140 nam
675 3083 811 3158 quamuis
837 3079 993 3140 consilium
1017 3079 1218 3140 Romanorum
1241 3088 1352 3140 cetera·

205 3195 330 3256 rumque
359 3179 490 3256 gentium
520 3179 679 3238 illustrium
705 3179 840 3238 uirorum
861 3181 939 3237 uitas
965 3179 1131 3258 colligendi,
1155 3177 1352 3256 describendi,

294 3405 319 3472 1)
341 3401 478 3466 Quoniam
500 3403 531 3458 in
553 3403 634 3458 libris
659 3403 761 3458 uostris
781 3423 845 3458 mss.
860 3403 950 3458 Attici
972 3404 1034 3458 uita
1053 3405 1158 3458 iterata
1177 3422 1244 3458 cura
1264 3423 1351 3474 usque

205 3481 239 3534 ad
259 3487 376 3536 mortem
397 3485 532 3554 perducta
551 3487 594 3538 est
613 3487 682 3554 (uid.
700 3489 779 3552 infru
794 3503 823 3552 p.
839 3489 932 3554 resq),
952 3489 1043 3540 toturn
1063 3503 1133 3554 opus
1149 3503 1164 3536 a
1178 3487 1289 3554 Nepote
1311 3503 1352 3540 re-

204 3563 357 3618 tractatum
376 3581 435 3618 esse
451 3565 637 3620 Wachsrnuth
657 3567 771 3620 Erssnlctt.
786 3583 812 3634 p.
830 3573 891 3631 213,
911 3564 1019 3620 Schanz
1037 3567 1073 3618 12
1091 3585 1117 3634 p.
1135 3571 1194 3635 221,
1215 3567 1352 3620 Wissowa

205 3643 373 3714 Rcrclecepcl.
387 3645 421 3698 tv
438 3663 460 3698 c.
478 3651 553 3712 1414Ἶ
575 3647 630 3698 Leo
651 3647 745 3716 Biopr.
762 3665 787 3716 p.
805 3653 856 3700 195
867 3665 926 3714 sqq.
945 3647 1076 3700 arbitrati
1093 3665 1150 3698 non
1164 3647 1256 3700 solum
1270 3647 1352 3712 uitas,

205 3741 276 3788 quae
303 3725 429 3778 ordinem
458 3727 612 3790 turbarent,
642 3743 746 3794 regum,
777 3727 905 3782 Datamis
924 3731 976 3793 (sic
994 3728 1051 3780 Leo
1071 3731 1147 3794 la),
1173 3727 1352 3793 Hamilcaris,

205 3803 384 3874 Hannibalis,
414 3809 463 3860 sed
491 3809 578 3862 etiarn
602 3809 653 3874 (sic
671 3809 739 3876 Leo)
766 3808 977 3876 inscriptionem
1005 3808 1172 3878 singulaque
1197 3809 1352 3875 enuntiata,

204 3887 387 3950 praefationis
408 3905 531 3956 quoque,
551 3887 587 3940 ab
606 3905 640 3940 eo
659 3891 719 3940 turn
737 3885 906 3958 interposita
924 3905 985 3942 esse
1005 3887 1186 3956 collegerunt.
1219 3905 1352 3956 magnam

202 3965 297 4018 tamen
325 3971 433 4034 partem
464 3967 589 4022 leuitatis
616 3973 646 4022 et
672 3967 802 4022 inscitiae
833 3967 917 4023 etiam
942 3969 981 4022 sic
1005 3971 1111 4022 restare
1135 3969 1191 4022 Leo
1215 3971 1351 4033 concedit,

204 4047 322 4100 maxime
342 4047 392 4102 illa
412 4049 606 4102 additamenta
627 4067 689 4102 curn
704 4049 794 4118 priore
810 4065 878 4102 cura
893 4065 950 4102 non
964 4067 1025 4102 esse
1043 4047 1244 4117 contaminata,
1260 4067 1349 4118 neque

204 4127 357 4196 quidquam
375 4127 463 4196 ualet,
486 4129 562 4196 quod
582 4127 610 4182 in
635 4129 696 4182 uita
715 4128 884 4184 Hannibalis
904 4128 1019 4199 scripsit
1036 4133 1092 4195 (13,
1107 4134 1137 4196 1)
1157 4129 1295 4184 ‘Atticum
1323 4131 1352 4182 in

205 4207 298 4260 crinali
319 4227 367 4262 suu
390 4209 523 4278 scriptum
546 4209 713 4278 reliquisse)
744 4211 778 4262 cf.
793 4209 868 4262 infra
887 4229 913 4280 p,
928 4229 1013 4278 crsq.
1035 4209 1136 4276 itaque
1157 4227 1229 4276 quae
1254 4213 1352 4280 postea

204 4283 231 4334 in
255 4289 345 4340 altera
368 4289 491 4344 editione
516 4295 619 4344 nouata
645 4289 709 4360 sint,
732 4307 783 4358 pro
802 4293 880 4346 certo
895 4289 1049 4344 diiudicare
1069 4307 1126 4344 non
1148 4292 1238 4344 audeo
1263 4307 1352 4360 neque

204 4361 321 4436 Nepotis
342 4371 538 4440 neglegentiae
558 4371 683 4438 crimina,
705 4389 775 4440 quae
795 4387 882 4442 supra
900 4371 929 4424 in
949 4390 1013 4426 eum
1031 4369 1166 4440 congessi,
1186 4370 1320 4424 minuere.

255 4479 314 4516 Hist.
332 4479 395 4518 ttoni,
411 4481 450 4518 rel.
465 4481 495 4532 ΙΙ,
516 4481 547 4520 ed.
563 4481 653 4520 Peter.
1087 4461 1139 4514 ΠΗ
