3234 4950
695 412 832 467 Avrinn
851 414 951 467 BASSI

507 616 690 689 strinxi
716 618 851 689 Bessi
879 618 1136 690 Hlsronmn

187 742 228 817 43—
339 774 397 843 ll‘.
430 782 532 839 Senes.
557 780 752 855 3000.6,18
786 780 895 839 Bassus
929 780 1063 839 Aufidius
1095 789 1125 839 et
1156 782 1220 857 ipse
1254 780 1327 840 nihil
1362 782 1396 839 de

249 880 344 937 animo
376 878 526 939 Ciceronis
558 876 702 937 dubitauit
730 880 801 957 quin
828 878 947 938 sortiter
975 897 1007 937 se
1029 881 1121 937 inerti
1141 896 1201 936 non
1226 878 1396 956 praebuerit

250 984 361 1037 tarnum
391 976 445 1037 sed
471 974 621 1037 obtulerit.
657 974 756 1035 Aufidi
780 976 878 1037 Bassi:
906 976 1010 1037 Cieero
1038 976 1159 1055 paulum
1188 985 1302 1037 remoto
1328 976 1395 1037 uelo

247 1084 402 1153 postquam
428 1084 555 1135 armatos
579 1074 661 1153 uidit
684 1070 754 1151 ‘Ego
772 1094 845 1135 uero
867 1071 1394 1152 00000000οἱ0,(000001000000000,

248 1180 283 1253 et,
310 1176 334 1233 si
356 1174 411 1235 hoe
443 1172 538 1235 saltim
567 1180 649 1251 potes
680 1180 760 1233 reete
784 1174 896 1250 faeere,
920 1174 1018 1233 incide
1043 1170 1213 1233 ceruicem.
1256 1176 1395 1233 trementi
1425 1190 1436 1229 o

205 1334 209 1347 ,
249 1272 353 1333 deinde
381 1272 583 1349 dubitantique
603 1268 700 1349 ‘Qum
720 1275 748 1331 si
765 1272 801 1331 ad
821 1270 889 1349 me',
907 1274 1013 1349 inquit,
1033 1270 1394 1349 ‘p1·imumuenissetis?'.

174 1332 226 1469 {²1¹}
336 1364 392 1433 se.
417 1372 521 1433 senec.
545 1388 625 1429 suos.
645 1370 673 1445 a,
691 1370 733 1429 23
757 1368 854 1429 loon
877 1370 972 1429 nasse
1003 1370 1052 1430 su
1074 1370 1111 1431 u.
1131 1370 1235 1429 utam
1259 1369 1394 1448 necessu,

247 1472 293 1529 uir
323 1478 407 1529 natus
438 1468 472 1529 ad
502 1470 544 1529 rei
574 1466 707 1547 publicae
738 1470 877 1543 salutern,
899 1488 974 1547 quae
1002 1468 1051 1528 diu
1075 1470 1194 1529 defensa
1218 1479 1248 1529 et
1269 1470 1394 1529 admini-

247 1576 336 1627 strata
364 1570 396 1627 in
424 1574 577 1627 senectute
606 1566 723 1625 demum
755 1586 769 1625 e
799 1567 937 1625 inanibus
963 1568 1028 1627 eius
1053 1568 1192 1647 elabitur⁷
1214 1586 1273 1625 uno
1301 1570 1394 1645 ipsius

246 1668 319 1725 uitio
342 1666 429 1743 laesa,
455 1664 530 1745 quod
555 1664 629 1723 nihil
651 1668 684 1723 in
708 1666 833 1727 salutem
857 1668 921 1725 eius
945 1664 1022 1727 aliud
1047 1666 1089 1725 illi
1115 1684 1201 1743 quam
1232 1668 1256 1725 si
1283 1670 1436 1727 earnis-10
1545 1663 1547 1692 ²

247 1772 290 1825 sel
311 1764 444 1841 Antonia,
462 1764 581 1841 placuit.
620 1764 697 1823 Vixit
720 1766 872 1841 sexaginta
894 1772 925 1823 et
947 1773 1008 1823 tres
1031 1784 1125 1825 annos
1146 1766 1196 1841 ite,
1220 1772 1254 1823 ut
1276 1782 1395 1841 semper
1543 1695 1547 1897 ι

247 1870 295 1923 aut
319 1870 433 1941 peteret
457 1862 582 1923 alterum
606 1870 655 1921 aul
680 1864 811 1923 inuieem
832 1870 994 1941 peteretur,
1016 1864 1188 1941 nullamque
1211 1882 1273 1922 rem
1299 1866 1394 1923 rarius

246 1980 333 2039 (quam
358 1960 437 2021 diem
459 1960 541 2021 illum
569 1980 625 2039 quo
648 1960 760 2021 nullius
782 1964 944 2021 interesset
964 1964 1064 2039 ipsum
1087 1962 1173 2035 mori,
1195 1960 1279 2021 uidit.
1544 2019 1546 2024 .

335 2054 393 2121 3³³2
422 2060 555 2121 Cassiod.
576 2064 607 2119 tn
629 2064 682 2133 fin..
702 2062 806 2121 oleron.
819 2060 1087 2135 assemanus.
1121 2061 1143 2117 Α
1162 2059 1254 2119 Bruto
1274 2068 1305 2119 et
1322 2060 1392 2119 Tar·
1544 2027 1547 2126 l

246 2160 345 2237 quinio
380 2178 472 2237 usque
508 2156 543 2219 ad
577 2158 762 2219 consulatum
793 2167 939 2235 uestrum,
970 2162 1049 2219 sieut
1080 2178 1117 2219 ex
1146 2158 1212 2217 Tito
1247 2158 1330 2217 linio
1365 2167 1393 2219 et
1408 2176 1433 2215 15
1544 2143 1546 2176 ³

245 2258 358 2317 Aufidio
389 2258 478 2317 Besso
510 2264 536 2317 et
565 2256 699 2315 Pasolmli
726 2258 876 2317 elarorum
907 2260 1041 2317 uirorum
1075 2258 1250 2317 austeritate
1276 2258 1393 2316 firmato
1543 2179 1547 2388 l

246 2354 426 2435 collegimus,
453 2358 520 2417 anui
545 2362 616 2415 sunt
639 2370 760 2417 mxxxi.
1543 2403 1546 2442 i

328 2475 360 2532 p.
383 2456 448 2516 630
466 2456 526 2518 Mo.
548 2456 634 2526 (746
656 2475 684 2516 u.
704 2475 731 2514 u.
754 2458 791 2530 o.)
819 2452 847 2514 C.
867 2456 987 2516 Asinius
1011 2463 1040 2514 et
1064 2456 1092 2516 C.
1114 2454 1250 2516 Marcius
1542 2444 1546 2515 l

335 2547 401 2636 (His
426 2573 521 2614 conss,
541 2555 621 2612 inter
643 2553 739 2614 Albim
768 2563 796 2614 et
819 2553 954 2614 Rhenum
980 2553 1120 2614 Germani
1146 2571 1250 2614 omnes
1272 2553 1391 2614 Tiberio

245 2653 353 2712 Neroni
380 2651 476 2712 dediti.
511 2671 566 2730 per
589 2651 709 2713 Sextum
734 2653 890 2730 Apuleium
912 2653 1058 2712 Pannonii
1080 2645 1218 2735 subacti.)
1407 2669 1434 2708 so

335 2751 433 2826 (747)
458 2751 501 2810 Ti.
520 2749 597 2810 Nero
624 2759 651 2810 et
676 2751 823 2812 Culleo

336 2849 433 2922 (748)
457 2849 489 2908 D.
510 2847 627 2910 Laelius
651 2857 681 2910 et
704 2847 733 2910 C.
753 2849 905 2910 Antistius.

336 2949 434 3024 (749)
459 2949 607 3026 Augustus
633 2947 742 3012 Caesar
765 2949 804 3010 xl
828 2955 858 3008 et
881 2949 911 3006 L.
933 2947 1018 3028 Sylla.

335 3049 430 3120 (750)
456 3045 484 3106 C.
507 3045 652 3132 Caluisius
678 3055 706 3108 et
729 3047 761 3108 l...
779 3047 947 3108 Passienus.

334 3147 432 3220 (751)
458 3143 486 3204 C.
508 3143 649 3204 Lentulus
675 3153 703 3204 et
726 3145 763 3206 M.
782 3145 916 3206 Messala.

334 3343 361 3398 1.
383 3345 467 3398 Modo
487 3343 603 3398 Lleu'nm
627 3345 726 3400 8000000
751 3351 910 3402 narrantem
930 3345 1079 3400 00οἰ0000000
1097 3345 1214 3418 (§17).·
1241 3345 1310 3400 satis
1327 3363 1391 3400 eon-

245 3417 301 3468 0000
327 3431 419 3468 seruos
445 3417 555 3468 fortiter
579 3415 754 3484 fideliterque
776 3417 890 3486 paratos
908 3417 995 3470 fuisse
1014 3417 1052 3468 ed
1071 3417 1274 3483 dimicandum
1299 3419 1392 3486 ipsum

245 3487 346 3556 deponi
374 3487 504 3542 lentinum
531 3489 560 3540 el
585 3487 696 3554 quietos
723 3489 782 3556 puli
813 3489 887 3558 quod
915 3507 973 3542 sors
1002 3489 1100 3557 iniqua
1128 3491 1242 3558 cogeret
1267 3489 1390 3544 iussisse.

243 3559 413 3626 prominenti
434 3577 466 3612 ex
485 3557 586 3612 leelina
604 3561 808 3628 praebentique
828 3559 962 3612 inmotam
982 3561 1120 3614 ceruicem
1134 3562 1220 3628 eaput
1233 3561 1392 3628 praecisum

244 3633 292 3684 esi.
326 3631 364 3696 Of.
386 3631 499 3700 inrtte'l.
517 3631 583 3684 ΧΗ
599 3637 625 3696 1,
640 3635 675 3684 17
703 3633 777 3700 quod
801 3631 935 3702 probauit
955 3634 1045 3685 morte
1069 3649 1180 3701 quoque
1202 3630 1277 3698 ipsa,
1307 3651 1391 3700 qiiam

242 3703 484 3772 praestantissimo
507 3703 630 3770 suscepit
648 3705 751 3756 auimo,

334 3881 364 3966 1,
393 3893 417 3950 6.
445 3887 534 3966 quid?
561 3891 645 3964 quiesi
666 3891 795 3948 osone

333 3973 364 4056 2,
392 3985 418 4038 o.
445 3973 585 4056 elabitur]
599 3979 706 4038 habitu
715 3977 806 4038 Aratu.
819 3980 910 4038 Brea,
924 3981 987 4038 Vnt.
1002 3981 1115 4038 labitur
1129 3981 1222 4038 Bruto.
1235 3981 1275 4038 Il
1330 4001 1391 4040 uno

242 4071 282 4128 H.
294 4071 420 4128 Mueller
447 4089 506 4126 non
525 4069 603 4128 codd.
625 4071 679 4128 hoe
697 4069 780 4128 Gerre
804 4089 864 4126 uon
881 4071 975 4144 ipsius
996 4073 1071 4130 uitio
1089 4073 1172 4128 laesa
1190 4065 1290 4145 (nisi)
1312 4071 1391 4146 quod

245 4159 373 4218 Gronau.
450 4161 498 4218 10.
522 4151 615 4236 <seo>
630 4161 709 4234 quod
722 4159 899 4233 Sertorianae.
967 4161 1066 4218 salute
1084 4161 1165 4219 cedd.
1245 4163 1293 4218 13.
1318 4159 1388 4236 quo]

243 4249 754 4484 qUOd{{?dl>l1om.lll(onocensis)
887 4340 937 4396 25.
960 4357 1014 4398 oua..
1028 4341 1070 4397 M
1088 4341 1187 4398 lentus
1202 4331 1389 4420 Herennius)

241 4447 369 4486 messus
393 4429 421 4486 P
