3234 4950
275 354 337 417 136
678 352 774 405 1111111
793 352 883 407 IVNII
904 352 1011 407 CORDI

273 524 372 583 aureis
399 520 507 583 litteris
538 522 675 599 scriptos.
715 524 780 599 ipse
813 520 955 597 puerulus
986 540 1053 579 cum
1087 518 1121 579 ad
1152 536 1252 579 (renam
1288 518 1320 577 ab
1355 518 1419 577 Ale-

272 620 384 679 xandro
409 629 489 679 esset
510 627 630 697 rogatus
655 622 686 679 in
709 622 804 697 patris
829 618 985 697 honorem,
1013 618 1094 697 quod
1121 618 1149 675 ei
1178 616 1295 677 deesset
1325 620 1420 677 uestis

272 720 436 796 cenatoria,
463 718 560 798 ipsius
581 718 742 777 Alexandri
770 720 891 795 accepit.
931 736 997 777 cum
1022 716 1118 777 iulans
1139 724 1227 793 esset,
1250 716 1348 775 subito
1367 734 1421 793 per

270 816 425 895 publicum
442 818 582 877 ueniente
607 816 744 877 uehiculo
762 817 903 877 Antonini
924 814 1071 893 Caracalli,
1099 814 1175 895 quod
1198 832 1325 873 uacuum
1349 822 1419 891 erat,

271 914 445 975 conscendit
463 924 495 975 et
511 914 588 973 sedit
609 922 636 973 el.
654 916 705 973 uix
727 933 873 991 aegreque
892 934 908 973 a
924 914 1105 973 mulionibus
1123 914 1300 973 carrucariis
1319 912 1419 973 detur·
1448 932 1459 971 a

272 1012 358 1073 batus
373 1020 427 1075 est.
450 1032 505 1075 nec
520 1012 687 1091 defuerunt,
706 1016 758 1093 qui
773 1012 939 1073 canendum
956 1012 1099 1073 infantem
1115 1010 1246 1071 dicerent
1262 1010 1419 1071 Caracallo.

201 1182 208 1205 ς
272 1120 335 1171 tum
361 1112 409 1171 ille
436 1110 520 1171 dixit:
547 1108 657 1189 ‘Longe
682 1120 736 1189 est,
757 1119 793 1171 ut
815 1110 887 1169 mihi
912 1114 967 1171 iste
992 1106 1149 1171 succedat.⁵
1184 1118 1246 1169 erat
1271 1112 1351 1171 enim
1369 1108 1419 1169 illo

199 1180 405 1299 &tempore
427 1213 504 1271 inter
522 1210 669 1287 ignobiles
686 1217 715 1269 et
731 1212 818 1269 nimis
834 1228 952 1287 paruus.
980 1212 1017 1285 (c.
1031 1210 1086 1283 31)
1109 1206 1211 1267 Mortis
1232 1210 1327 1267 omina
1348 1210 1420 1269 haec

271 1308 404 1369 suerunt:
426 1310 560 1369 uenicnti
577 1317 681 1369 contra
694 1308 855 1369 Maximum
874 1316 902 1367 et
922 1306 1074 1369 Balbinum
1096 1306 1251 1367 Maximino
1273 1324 1341 1367 cum
1360 1307 1419 1367 filio

271 1406 379 1466 mulier
397 1408 542 1485 quaedam
556 1410 651 1485 passis
667 1408 801 1467 crinibus
820 1408 949 1465 occurrit
970 1406 1088 1483 lugubri
1108 1404 1208 1465 habitu
1229 1412 1256 1465 et
1277 1406 1419 1467 exclama·
1434 1426 1460 1463 1ο

270 1508 330 1566 uit:
350 1502 521 1583 Maximini,
536 1504 696 1585 Maximini,
715 1502 887 1585 Maximini’,
908 1524 1002 1583 neque
1024 1508 1180 1585 quicquam
1200 1504 1326 1583 amplius
1348 1504 1420 1565 dixit

272 1612 304 1663 et
320 1612 437 1665 mortua
455 1614 508 1665 est.
537 1602 694 1665 uidebatur
714 1606 795 1665 enim
816 1602 915 1663 dicere
933 1604 1065 1665 uoluisse
1091 1600 1296 1663 ‘Succurrite’.
1333 1622 1420 1663 canes

272 1704 351 1761 circa
375 1706 535 1765 tentorium
564 1704 628 1763 eins
655 1706 687 1763 in
715 1702 845 1765 secunda
869 1704 1020 1763 mansione
1046 1702 1122 1763 ultra
1148 1700 1302 1763 duodecim
1326 1702 1419 1763 ulula-

271 1809 341 1861 runt
376 1808 403 1861 et
437 1804 564 1861 animam
597 1804 682 1879 qnasi
713 1802 811 1862 tiendo
845 1810 1006 1879 posuerunt
1037 1820 1068 1861 ac
1098 1800 1191 1879 prima
1222 1800 1420 1861 luce'mnrtui

271 1907 341 1959 sunt
370 1899 557 1977 deprehensi.
594 1899 656 1979 lupi
682 1900 813 1977 [urbem]
839 1902 993 1979 quingenti
1022 1900 1110 1959 simul
1136 1900 1263 1977 ingressi
1295 1908 1362 1959 sunt
1388 1902 1419 1961 in
1435 1918 1459 1957 ra

272 2016 336 2057 eam
370 1996 483 2077 urbem,
514 1998 548 2055 in
580 2016 636 2077 qua
671 2016 701 2059 se
732 1998 908 2059 Maximinus
941 1998 1121 2079 contulerat,
1154 1996 1287 2077 plerique
1319 1998 1421 2059 dicunt

271 2095 444 2175 Hemonam,
467 2098 516 2156 alii
541 2096 737 2177 Archimeam,
760 2104 840 2157 certe
866 2116 939 2175 quae
965 2096 1080 2157 deserta
1106 2116 1119 2155 a
1145 2096 1260 2157 ciuibus
1287 2100 1421 2159 uenienti

271 2194 431 2255 Maximino
462 2196 566 2275 patuit.
609 2194 729 2274 longum
760 2204 807 2257 est
839 2198 935 2255 omnia
968 2200 1122 2275 persequi,
1157 2212 1230 2273 qnae
1259 2198 1309 2273 qui
1344 2200 1420 2257 scira

273 2292 431 2371 desiderat,
453 2296 480 2353 is
502 2293 603 2371 uelim,
627 2301 660 2355 ut
684 2312 770 2373 saepe
798 2294 866 2373 dixi,
889 2294 966 2373 legat
990 2292 1125 2371 Cordum,
1151 2296 1201 2371 qui
1227 2294 1421 2355 haecomnia

272 2392 429 2471 usquead
452 2392 586 2453 fabellam
613 2394 742 2471 scripsit.
1435 2414 1460 2453 ao

363 2487 395 2552 8.
424 2493 551 2552 Maxim.
569 2493 637 2570 4,1
676 2491 793 2552 bibisse
826 2499 925 2552 autem
959 2493 1043 2552 illuni
1071 2491 1301 2570 [lllrrmlrna'mtm]
1331 2513 1419 2572 saepe

271 2591 305 2648 in
331 2589 471 2650 die‘uini
499 2589 693 2668 Capitolinam
722 2591 864 2650 amloram
891 2597 1018 2670 constat,
1049 2591 1211 2652 comedisse
1241 2599 1269 2650 et
1296 2591 1419 2670 quadra·

271 2689 353 2766 ginta
377 2687 466 2748 libras
493 2689 598 2766 caratis,
622 2695 655 2748 nt
679 2697 777 2750 autern
798 2687 911 2750 Cordus
935 2689 1014 2768 dicit,
1041 2693 1127 2750 etiarn
1149 2693 1307 2768 sexaginta.
1343 2691 1419 2770 qnod

272 2789 343 2846 satis
370 2794 492 2866 constat,
514 2785 667 2846 holeribus
691 2807 810 2866 semper
833 2787 984 2868 abstinuit,
1008 2807 1022 2846 a
1048 2787 1163 2868 frigidis
1181 2805 1272 2868 prope
1294 2807 1420 2870 semper,

271 2887 330 2945 nisi
361 2903 428 2944 cnm
455 2885 500 2944 illi
524 2885 646 2962 potandi
676 2889 846 2947 necessitas.
884 2885 1007 2948 sudores
1038 2903 1123 2966 saepe
1154 2905 1222 2948 suos
1254 2887 1420 2966 excipiebat
1434 2909 1459 2948 aa

182 2983 189 3001 “
272 2991 304 3044 11
325 2985 358 3042 in
382 2983 489 3044 calices
510 2983 561 3042 uel
583 2985 617 3044 in
637 2985 794 3044 uascnlum
817 2983 960 3062 mittebat,
986 2987 1024 3044 ita
1049 2993 1080 3046 ut
1106 2983 1177 3044 duos
1199 2985 1247 3046 uel
1273 2995 1419 3050 11111111-

272 3083 364 3140 tarios
386 3084 434 3141 sui
457 3083 574 3142 sudoris
598 3081 769 3142 ostenderit.

363 3177 396 3242 9.
417 3181 546 3242 Monam.
562 3181 589 3258 6,
605 3179 626 3240 8
648 3179 720 3240 Erat
734 3189 887 3260 praeterea
904 3181 1128 3260 [mortariensi
1144 3191 1177 3242 ut
1191 3185 1283 3244 refert
1297 3183 1419 3264 Cordus,

271 3277 475 3356 magnitudine
504 3286 597 3356 tauta,
625 3286 658 3338 ut
686 3287 752 3338 octo
780 3279 872 3359 pedes
899 3281 999 3358 digitis
1023 3299 1073 3342 sex
1101 3281 1248 3342 diceretur
1271 3301 1419 3362 egressus,

271 3377 380 3454 pollice
402 3378 443 3438 ita
466 3384 552 3438 uasto
575 3384 610 3436 ut
631 3379 735 3438 uxoris
762 3378 968 3440 dextrocherio
992 3387 1127 3440 uteretur
1150 3397 1203 3458 pro
1229 3381 1322 3442 anulo.
1361 3385 1419 3442 iam
1433 3403 1459 3442 ao

271 3473 322 3536 illa
349 3495 442 3554 prope
469 3479 501 3536 in
526 3475 612 3554 uulgi
638 3495 690 3536 ore
714 3485 783 3538 sunt
811 3479 919 3556 posita,
947 3477 1025 3556 quod
1058 3497 1175 3538 amaxas
1203 3479 1340 3540 manibus
1370 3481 1419 3542 ad-

272 3575 413 3652 traheret,
434 3575 553 3634 raedam
571 3582 706 3634 onustam
727 3574 807 3636 solus
825 3583 969 3654 moneret,
990 3595 1072 3656 equo,
1089 3581 1115 3638 si
1127 3595 1258 3656 pugnum
1282 3577 1419 3658 dedisset,

273 3671 378 3733 dentes
400 3673 544 3748 solueret,
568 3675 594 3732 si
619 3673 738 3753 calcem,
756 3691 844 3734 crum
863 3675 1020 3752 frangeret,
1042 3675 1153 3754 lapides
1174 3675 1287 3736 tolieios
1307 3677 1434 3756 lriarct,

272 3771 393 3830 arbores
422 3773 585 3832 teneriores
618 3773 777 3852 scinderet,
808 3773 858 3832 alii
881 3771 1006 3852 denique
1033 3793 1100 3834 enm
1124 3771 1311 3834 Crotoniaten
1336 3775 1418 3836 Milo-

271 3887 350 3948 nem,
374 3869 423 3930 alii
445 3869 613 3949 Herculem,
635 3869 780 3932 Antaeum
805 3869 854 3932 alii
876 3875 1029 3932 uocarent
1432 3895 1457 3936 aa

364 4097 391 4154 8.
415 4097 515 4153 omnia
533 4095 563 4150 P
708 4101 758 4154 11.
782 4097 950 4156 Maximinis
977 4101 1064 4158 omini
1085 4091 1220 4180 (propter
1242 4091 1417 4182 succurrite)

273 4187 374 4256 opttus
488 4183 537 4242 15.
562 4185 665 4244 urbem
682 4191 765 4246 crocis
784 4187 890 4246 inclusi

363 4269 396 4350 9,
423 4277 471 4332 29.
497 4271 590 4350 digit-o
615 4275 765 4335 uideretur
783 4277 873 4334 Pam.
892 4275 1017 4334 casneto.
1111 4277 1161 4336 33.
1185 4271 1303 4358 inderet]
1322 4281 1335 4336 l
1355 4295 1417 4352 cup.

272 4357 455 4423 1111111.Ρῖ
547 4365 761 4424 asennaeum
781 4367 810 4424 P
