3234 4950
256 396 319 457 140
586 394 755 448 inmens
777 392 1058 447 raarflnniants

343 556 399 625 23.
426 564 517 625 Gord.
537 564 628 639 31,5
661 564 782 623 imatus
808 570 854 621 est
884 562 1073 639 [Gordianus
1101 562 1220 639 tertius]
1246 582 1262 621 a
1288 560 1397 639 populo

252 670 284 721 et
305 668 411 723 senatu
433 671 465 723 et
486 662 629 723 militibus
655 673 722 723 ante
743 660 872 741 Philippi
900 660 1062 737 factionem,
1088 660 1126 719 ita
1151 668 1182 719 ut
1207 678 1292 721 nemo
1318 660 1397 739 prin-

252 762 360 839 cipum.
399 760 511 821 Cordus
545 760 616 821 dicit
649 780 749 821 omnes
783 758 893 819 milites
925 778 991 819 eum
1027 756 1119 819 silium
1153 758 1328 837 appellasse,
1361 758 1397 817 ab

251 860 333 918 omni
357 867 461 920 senatu
483 859 577 921 filium
603 860 722 937 dictum,
744 876 862 919 oannem
887 858 1028 937 populum
1048 856 1167 917 delicias
1188 876 1256 917 suas
1276 856 1397 915 Gordia·

250 976 321 1017 num
347 956 465 1017 dixisse.
1411 976 1421 1015 a

342 1050 398 1119 24.
426 1058 516 1117 Gord.
537 1058 627 1132 3324
665 1056 748 1127 Quod
783 1056 818 1117 de
850 1054 879 1115 C.
906 1054 1030 1115 Caesare
1062 1056 1222 1115 memoriae
1256 1054 1396 1113 traditum

250 1161 304 1232 est,
332 1154 389 1215 boc
417 1158 505 1215 etiam
536 1156 570 1215 de
600 1154 746 1215 Gordiano
777 1152 893 1233 [tertio]
922 1152 1035 1215 Cordus
1065 1156 1201 1213 euenisse
1227 1152 1396 1233 perscribit.

248 1272 317 1311 nam
351 1272 453 1313 omnes
486 1257 657 1333 quicunque
693 1254 778 1313 Illum
813 1252 909 1333 gladio
947 1253 1154 1331 adpetiuerunt
1188 1246 1253 1335 (qni
1288 1270 1396 1311 nonem

249 1352 343 1411 fnisse
366 1347 531 1437 dIcuntur),
552 1362 657 1431 postea
678 1356 866 1432 interemptis
889 1350 1065 1431 anibppis
1090 1370 1143 1411 sna
1165 1370 1254 1411 manu
1275 1352 1396 1429 suisque

248 1448 356 1527 gladiis
378 1459 410 1510 et
430 1452 536 1531 isdem,
558 1452 667 1531 quibus
685 1452 775 1538 illum
795 1458 1016 1531 percusserant,
1039 1452 1176 1511 interisse
1204 1450 1349 1509 dicuntur.
1410 1470 1435 1509 io

542 1722 730 1793 AEMILII
760 1720 1102 1793 PARTHENIANI

447 1866 569 1925 aaran
595 1866 919 1927 ananoraronun
944 1866 1190 1923 runannmis

340 2004 370 2071 l.
403 2010 484 2071 Vale.
501 2011 577 2071 Gaii.
594 2011 683 2071 duid.
704 2012 785 2071 dass.
803 2010 833 2085 5,
850 2010 866 2067 I
893 2008 932 2067 De
953 2010 1007 2069 boc
1025 2009 1150 2085 [Auidio
1171 2006 1285 2085 Cossio]
1301 2008 1395 2067 multa

247 2110 350 2187 grauia
372 2116 477 2169 contra
498 2110 625 2169 militum
651 2110 800 2169 licentiam
826 2108 902 2167 lacta
922 2108 1116 2169 inueniuntur
1142 2108 1218 2187 apud
1235 2106 1394 2167 Aemilium

246 2206 490 2287 ParthenIanom,
520 2208 570 2287 qui
600 2208 793 2269 adfectatores
821 2206 984 2285 tyrannidis
1017 2208 1075 2265 iam
1103 2206 1171 2265 inde
1203 2206 1394 2267 sceleribus

246 2306 387 2367 historiae
420 2306 548 2367 tradidit.
591 2326 660 2367 nain
691 2316 723 2367 et
753 2310 847 2385 uirgis
880 2322 980 2365 caesos
1015 2308 1043 2365 in
1078 2308 1141 2365 loro
1169 2313 1199 2367 et
1225 2308 1256 2365 in
1286 2304 1394 2365 inediis

246 2406 353 2465 castris
375 2408 476 2465 secari
495 2406 654 2486 percussit,
676 2408 729 2486 qui
750 2408 792 2465 ita
815 2412 1001 2482 meruerunt,
1028 2412 1055 2463 et
1081 2424 1183 2465 manus
1208 2406 1308 2465 moltis
1334 2422 1393 2463 am·
1408 2420 1432 2461 15

245 2509 369 2584 putauit.
408 2513 437 2566 et
460 2515 580 2586 praeter
602 2505 729 2566 laridum
753 2526 787 2566 ac
811 2503 1006 2564 buccellatum
1027 2511 1112 2584 atque
1134 2511 1249 2566 acetum
1270 2503 1392 2564 militem

246 2605 278 2662 in
305 2603 492 2684 expeditione
522 2614 639 2684 portare
666 2605 819 2683 probiboiI
848 2611 888 2680 et,
917 2605 942 2662 si
971 2603 1048 2662 aliud
1075 2605 1224 2682 quippiam
1251 2605 1392 2682 repperit,

246 2703 394 2764 luxuriem
417 2721 477 2762 non
499 2701 560 2764 leui
585 2703 729 2782 supplicio
753 2703 868 2764 adfecit.

396 2971 591 3044 bolionii
616 2971 732 3044 VITA
761 2971 1043 3044 annianum
1074 2971 1244 3044 SEVERI

337 3145 393 3214 1²¹⁶.
417 3153 572 3228 Lanario.
594 3156 679 3214 dien.
700 3155 792 3228 614
824 3153 890 3212 Scin
910 3169 979 3212 sane
998 3151 1156 3230 plerosque
1178 3171 1287 3230 negare
1311 3153 1391 3212 laurac

245 3271 261 3310 a
291 3259 394 3310 senatu
418 3251 574 3310 Caesarem
603 3251 779 3330 appellatum
807 3269 872 3310 esse
904 3249 992 3310 seda
1021 3249 1175 3328 militibus,
1206 3251 1255 3330 qui
1283 3269 1390 3312 uerum
1405 3265 1429 3304 io

243 3367 367 3428 prorsus
395 3353 545 3433 ignorant3
573 3349 671 3410 dicere
698 3359 854 3430 praeterea
879 3367 937 3408 non
962 3349 1040 3410 hunc
1063 3349 1155 3410 inisse
1179 3349 1391 3410 consobrinum

243 3447 432 3526 Heliogabali.
467 3450 518 3528 qni
540 3455 573 3508 ut
596 3467 650 3508 nos
669 3457 840 3528 sequantur,
857 3447 1015 3508 historicos
1039 3449 1102 3508 eius
1126 3451 1268 3526 temporis
1291 3449 1391 3526 legant

245 3555 275 3608 et
297 3550 424 3607 mammo
447 3548 610 3626 Acholium,
633 3549 685 3626 qui
710 3556 737 3608 et
762 3549 904 3608 interiora
926 3547 1017 3606 buius
1039 3547 1183 3626 principis
1209 3549 1335 3626 scripsit.

333 3775 362 3828 1.
381 3775 573 3830 Alexandriana
590 3775 729 3831 Caesare-ni
747 3793 767 3826 n
784 3781 881 3828 sancitu
900 3791 953 3828 esse
971 3775 1073 3828 dicioni
1092 3781 1255 3830 internecatur
1274 3775 1304 3826 in
1323 3775 1390 3828 uitia

246 3845 334 3914 Opilii
351 3851 416 3910 11.
438 3847 547 3918 Helioga.
562 3851 627 3912 5,1.
649 3853 692 3910 10,
707 3853 731 3898 1.
755 3849 835 3900 Alere.
850 3851 875 3910 1,
889 3851 914 3898 2.
934 3849 962 3912 2,
976 3849 1001 3910 4,
1026 3847 1109 3912 foisse
1129 3847 1306 3916 Heliopnbnii
1327 3863 1388 3900 coit-

243 3919 382 3970 sobrinum
402 3921 432 3970 in
450 3919 518 3972 uitis
541 3919 648 3988 Heliou.
663 3923 707 3983 10,
721 3923 744 3970 1.
773 3919 851 3972 Aion.
867 3923 894 3982 1,
907 3923 932 3972 2.
955 3921 978 3982 5,
993 3921 1018 3970 4.

333 4133 392 4216 24,
418 4141 444 4198 9.
469 4141 641 4216 interempti
664 4145 733 4200 suni
750 4161 770 4199 a
787 4141 933 4216 Philippis
960 4145 1013 4200 aui
1036 4159 1066 4198 se
1089 4159 1142 4200 sua
1164 4143 1387 4202 m.-—i11iere-

242 4231 330 4288 misse
354 4229 556 4306 nicotiana
649 4233 697 4290 10.
721 4233 905 4291 interemisse
918 4231 947 4288 P

334 4312 366 4398 l,
393 4321 441 4378 13.
468 4339 484 4378 a
507 4321 658 4378 ueteribus
670 4315 897 4398 (temporibus)
910 4321 998 4380 Klein
1092 4323 1132 4380 14
1165 4325 1236 4382 cesis
1257 4323 1285 4378 P

336 4403 367 4488 l,
393 4411 442 4468 21.
468 4412 587 4488 ignorat
604 4411 632 4468 P
645 4431 670 4470 a.
684 4429 708 4470 e,
795 4413 846 4470 23.
868 4411 1013 4470 interiora
1032 4415 1137 4486 scripisi
1158 4413 1268 4470 itinera
1281 4413 1310 4470 P
