3234 4950
598 1434 644 1505 ιι.
673 1388 1095 1508 αιιιιοωαεοωιε

402 1594 677 1655 οοσιιοααιιιο
704 1594 852 1655 333333
874 1596 926 1653 99
948 1580 1194 1717 ὀοιιετιιττ
1217 1595 1291 1653 svo

361 1778 394 1841 l.
419 1784 494 1843 999.
522 1784 570 1841 999
562 1802 617 1841 α33.
645 1784 684 1841 93
711 1778 768 1841 Ἐν
791 1774 829 1841 ὑὲ
851 1790 920 1853 τοῖς
948 1800 1023 1861 περι
1012 1776 1226 1841 Κατιλίνα
1255 1776 1422 1862 πράγμασι
1442 1736 1495 1871 991

270 1878 422 1961 μεγάλοις
454 1874 507 1941 καὶ
537 1886 656 1959 μικροῦ
685 1878 844 1959 ὑεησασιν
871 1874 1052 1955 ἀνατρέψαι
1082 1878 1143 1959 την
1163 1872 1287 1959 Ρώμην
1316 1875 1420 1957 9‘9990

98 1950 101 2051 λ
269 1974 330 2059 μέν
353 2000 404 2051 τις
424 1976 568 2039 ὑπόνοια
592 1984 651 2039 τοῦ
670 1976 831 2059 Κράσσου
851 1974 906 2038 καί
928 1978 1122 2057 προσῆλθεν
1143 1974 1326 2054 ἄνθρωπος
1347 1987 1421 2040 ονο-

268 2072 376 2159 μάζων
403 2072 465 2137 ἀπὸ
487 2084 544 2157 τῆς
569 2078 788 2157 συνωμοσίας,
812 2072 924 2147 οὐδεὶς
949 2067 984 2135 ὑί
1006 2072 1206 2135 ἐπίστευσεν.
1243 2059 1419 2159 6999‘9'9
1447 2111 1473 2149 ,τ

242 2170 421 2257 ιΚικέρων
443 2168 481 2237 ἒν
505 2196 571 2237 τινι
596 2174 682 2259 λόγφ
709 2172 852 2255 φανερὸς
880 2168 921 2253 ἦν
945 2172 1090 2257 Κράσσῳ
1111 2168 1167 2235 καί
1193 2174 1338 2253 Καίσαρι
1360 2172 1422 2253 τὴν

269 2272 377 2333 αἰτίαν
402 2272 689 2355 προστριβόμενος.
729 2266 797 2333 ἀλλ’
824 2262 920 2345 οὑτος
943 2264 1005 2351 μὲν
1024 2270 1041 2333 ὑ
1060 2271 1160 2351 λόγος
1180 2269 1319 2351 ἐξεδόθη
1342 2270 1422 2351 μετά

268 2370 328 2451 την
356 2368 483 2451 ἀμφοῖν
511 2370 674 2449 τελεντην.
718 2364 776 2429 Ἐν
805 2364 844 2430 999
869 2375 915 2453 τῷ
945 2368 1022 2453 περὶ
1043 2366 1202 2441 ὑπατείας
1226 2366 1244 2429 ὑ
1270 2364 1421 2448 Κικέρων

268 2466 398 2550 νύκτωρ
427 2464 508 2550 φησί
538 2468 596 2532 τὸν
619 2466 779 2552 Κράσσον
805 2463 989 2550 ἀφικέσθαι
1014 2468 1096 2549 πρὸς
1117 2466 1221 2532 αὑτὸν
1244 2466 1421 2550 ἐπιστολὴν

268 2571 442 2648 κομίζοντα
467 2567 505 2630 τά
530 2563 604 2650 περὶ
627 2565 686 2628 τὸν
707 2567 891 2628 Κατιλίναν
914 2563 1139 2647 ἐξηγουμένην
1161 2565 1207 2640 ὡς
1228 2565 1290 2646 ἤδη
1310 2567 1420 2646 βεβαι,

228 2691 252 2730 19
268 2673 369 2728 οὑντα
393 2665 452 2748 την
478 2667 698 2748 συνωμοσίαν.

98 2559 100 2598 λ

358 2893 386 2946 1.
408 2893 455 2946 Em
478 2895 661 2982 ιρ-ίκινιωιατίο
684 2911 709 2946 9
697 2913 725 2964 99
726 2899 772 2946 99
790 2893 855 2946 9999
876 2895 1019 2959 {99999999
1034 2895 1086 2946 99'9
1101 2893 1185 2946 0999
1201 2896 1234 2946 95
1266 2895 1306 2946 09'9
1331 2897 1419 2958 πολλα

268 2961 298 3016 δ’
319 2961 434 3030 ὕστερον
459 2965 563 3018 τούτων
589 2961 641 3032 ἤδη
665 2969 702 3032 τῷ
722 2961 857 3036 Κατιλίνᾳ
876 2973 931 3018 τῶν
957 2963 985 3017 ἐν
1009 2963 1152 3036 Τυρρηνίᾳ
1174 2973 1347 3053 στρατιωτῶν
1363 2950 1421 3036 [εἰσ

270 3037 386 3126 N0999999
406 3035 594 3126 πραγμάτων
591 3037 647 3090 9099.
660 3021 741 3090 Καίν
739 3039 763 3090 ί
741 3037 788 3106 ]
805 3020 1017 3127 συνερχομένων
1032 3056 1068 3088 κα
1071 3018 1353 3125 ὶματαλοχιζομένων
1372 3037 1419 3090 καί

267 3115 314 3176 τῆς
325 3103 478 3198 ὡρισμένης
487 3107 556 3174 πρὸς
565 3105 615 3174 999
627 3105 783 3198 ἐπίθεσιν
770 3105 873 3174 ημέρας
889 3107 970 3176 ε’γγὺς
983 3105 1076 3197 οὔσης,
1090 3111 1159 3172 9909
1173 3105 1262 3160 ἐπὶ
1233 3129 1284 3197 999
1298 3105 1418 3174 Κικέρω-

267 3199 314 3240 νος
330 3175 422 3232 αἰτίαν
436 3179 500 3244 περὶ
517 3177 601 3246 μέσας
614 3179 718 3240 νύκτας
731 3177 872 3246 ἀνδρες
847 3199 873 3230 οι
888 3187 993 3245 πρῶτον
1007 3179 1054 3269 999
1069 3179 1260 3233 δυνατώτατοι
1268 3177 1419 3267 Ρωμαίωη,

268 3249 386 3318 Μάρκος
409 3267 437 3302 τε
457 3249 586 3340 Κράσσρς
608 3249 656 3304 καλ
674 3249 793 3318 Μάρκος
806 3249 972 3337 Μάρκελλος
988 3271 1038 3302 και
1029 3247 1188 3318 Σκηπίων
1205 3247 1353 3312 Μέτελλος
1373 3249 1418 3304 κό-

266 3333 372 3390 φαντες
397 3321 427 3374 99
451 3321 500 3382 τάς
524 3321 615 3388 θὺρας
639 3321 686 3412 9999
713 3319 877 3382 καλέσαντες
901 3321 950 3375 τὸν
973 3322 1105 3412 θυρωρὸν
1129 3319 1291 3374 ἐκέλευον’
1279 3331 1419 3390 επεγεῖραι

268 3393 314 3446 καὶ
336 3391 442 3462 φράσαι
463 3393 648 3462 Κικέρωνι
610 3413 670 3480 την
688 3389 862 3481 παρουσίαν
867 3395 969 3446 αὐτῶν.
1000 3413 1037 3461 ην
1050 3394 1083 3446 ὑε
1099 3393 1221 3447 τοιόνδε·
1249 3413 1287 3462 τῳ
1301 3393 1418 3466 Κράσσῳ

266 3465 333 3532 μετά
355 3467 472 3520 δεῖπνον
493 3461 615 3518 ἐπιοτολ
605 3483 638 3526 ας
658 3463 862 3520 ἀποδίδωσιν
851 3484 864 3516 ο
883 3465 1045 3531 θυρωρὸς
1033 3465 1089 3518 υπὸ
1107 3465 1145 3530 δή
1165 3483 1242 3524 τινος
1264 3449 1418 3532 ἀνθρώπου

265 3533 448 3626 κομισθείσας
472 3537 629 3624 ἀγνώστου,
651 3535 733 3598 ἀλλος
751 3535 846 3600 ἀλλοις
864 3534 1118 3624 ἐπιγεγραμμένας,
1146 3537 1220 3607 αὐτῷ
1243 3537 1275 3590 99
1297 3535 1417 3624 Κράσσῳ

266 3605 334 3696 μίφν
349 3605 550 3662 ἀδέσποτον.
541 3607 576 3674 99
596 3605 683 3676 μόνην
705 3605 874 3695 ἀναγνοφςό
891 3607 1059 3697 Κράσσος,
1045 3620 1083 3668 ως
1095 3594 1245 3696 έφρηζε
1218 3627 1252 3660 τα
1272 3607 1417 3678 γράμματα

267 3675 357 3744 φόνον
367 3677 554 3770 γενησόμενον
563 3679 653 3732 πολὺν
664 3677 712 3732 ὑιά
722 3675 894 3732 Κατιλίναν
887 3681 934 3767 9999
942 3681 1064 3767 παρῄνει
1074 3699 1121 3748 της
1130 3677 1235 3740 πόλεως
1243 3681 1417 3744 ὑπεξελθεῖν,

266 3749 314 3812 τάς
329 3751 414 3812 ἀλλας
427 3753 479 3804 οὑκ
494 3749 589 3804 ελυσεν
603 3747 695 3804 ἀλλ
679 3771 746 3816 ηκεν
763 3751 850 3812 εὑθὺς
862 3751 933 3840 πρὸς
946 3749 995 3804 999
1010 3750 1158 3818 Κικέρωνα
1170 3753 1312 3820 πληγείς
1298 3751 1353 3804 υπὸ
1367 3771 1416 3804 τον

266 3825 362 3876 ὑεινοίι
380 3819 428 3876 καί
448 3843 475 3876 τι
492 3831 542 3890 της
559 3819 653 3884 αἰτίας
671 3821 906 3912 ἀπολυόμενος,
890 3843 925 3890 ην
945 3821 1004 3892 ἔσχε
1025 3821 1073 3876 ἀιά
1093 3819 1189 3891 φιλίαν
1208 3831 1258 3876 τοῦ
1273 3819 1416 3876 Κατιλίνα.

266 3893 491 3962 Βουλενσάμενος
511 3899 561 3948 οὑν
580 3891 773 3984 ὁΚικίρφν
754 3891 803 3960 σμ’
821 3891 911 3984 ἡμέρᾳ
928 3893 1034 3984 βσηλὴν
1056 3895 1196 3965 συνήγαγε
1219 3895 1336 3954 καὶτὰς
1357 3893 1416 3948 ε’πι-

266 3965 363 4028 στολάς
382 3963 497 4034 κομίσας
517 3961 661 4020 ἀπέδωκεν
681 3963 723 4026 οἷς
740 3957 812 4034 ἦσαν
832 3950 1038 4034 ἐπεσταλμέναι,
1056 3967 1186 4026 κελεόσας
1202 3977 1332 4032 φανερῶς
1347 3965 1416 4020 ἀνα-

266 4047 382 4106 γνῶναι
418 4045 505 4090 πᾶσαι
526 4033 552 4092 9
570 4031 642 4106 ησαν
664 4035 763 4104 ὁμοίως
784 4035 931 4109 ἐπιβουλὴν
952 4037 1114 4104 φράζουσαι.

358 4253 389 4338 l,
417 4263 442 4318 9.
469 4261 622 4338 κομίζοντα
647 4257 713 4338 περὶ
735 4267 788 4318 τοὺ
812 4260 956 4318 Κατιλίνα
978 4257 1029 4320 καί
1051 4255 1235 4338 ζητουμένην
1261 4263 1340 4334 9999.
1363 4280 1415 4318 ναι,

264 4351 392 4410 θίιιίταλε
415 4369 448 4408 99
472 4353 535 4410 9999
554 4347 643 4408 0999.
