3234 4950
693 363 740 415 DF}
761 363 847 418 VITA
867 365 937 420 SVA
1345 363 1389 428 55

331 529 389 594 3²¹³.
417 535 497 594 Cass
515 533 602 592 Dion
616 533 824 592 XXXXHII
838 533 923 608 35,2
958 533 1021 612 Της
1014 531 1081 594 δὲ
1104 531 1390 612 διαθηκηςαύτοῦ
1408 495 1461 634 74140

240 631 413 708 [Caesaris]
438 628 519 712 μετὰ
542 635 646 690 ταῦτα
667 627 941 708 ἀναγνωσθείσης
964 627 1121 708 μαθὼν
1108 653 1124 690 o
1150 627 1293 712 δῆμος
1277 651 1328 692 οτι
1345 665 1391 672 -

238 725 470 808 καταλέλοιπε,
491 723 546 788 καὶ
576 723 711 809 προσέτι
733 725 788 788 καλ
814 727 940 810 δωρεάς
964 729 1078 802 ἀλλοις
1099 725 1138 790 τέ
1157 749 1250 800 τινας
1273 727 1327 790 καλ
1349 737 1390 810 τη

238 827 336 888 πόλει
360 825 440 900 τούς
468 847 502 886 τε
532 826 658 906 κήπους
684 826 764 900 τοὺς
789 825 878 908 παρά
906 825 965 888 τὸν
992 827 1127 908 Τίβεριν
1153 825 1208 888 καὶ
1231 825 1391 906 δραχμάς,

213 921 285 998 εὼς
311 919 372 1004 μέν
401 921 500 996 αὐτὸς
528 920 545 984 ὁ
565 919 755 998 Ὀκταούιος
778 925 909 1006 γράφει,
934 923 1118 1004 τριάκοντα,
1147 923 1190 998 ὡς
1214 917 1250 984 δὲ
1273 921 1391 1006 ἕτεροι,

237 1020 337 1084 πέντε
366 1022 421 1086 καί
456 1017 678 1102 ἑβδομήκοντα
717 1019 842 1108 έκάστῳ
880 1033 975 1104 σφῶν
1015 1023 1156 1104 δοθῆναι
1189 1021 1389 1102 κεκέλευκεν

238 1117 479 1202 ἐταράχθησαν
1417 1175 1453 1222 44

328 1216 387 1282 4²¹⁶.
411 1223 488 1283 Ρλλα
504 1240 533 1280 α
546 1223 577 1280 λι.
592 1221 632 1280 H
646 1221 689 1280 93
713 1221 815 1282 Come
802 1229 848 1282 es
866 1241 899 1282 m
916 1241 976 1282 uuo
996 1225 1087 1284 otrus
1105 1221 1186 1282 orbis
1202 1223 1265 1280 loro
1282 1221 1351 1280 roh
1340 1229 1460 1280 ur
1409 1265 1460 1314 710

236 1321 269 1378 iu
290 1319 400 1398 templo
417 1319 536 1397 Romae,
555 1319 714 1378 admodum
727 1321 842 1380 faustus
859 1321 925 1380 diuo
943 1321 1073 1398 Augusto
1043 1321 1205 1380 [iudicat
1193 1329 1238 1380 ius
1261 1319 1388 1398 abipso,

197 1435 224 1474 ιο
237 1419 290 1494 qui
316 1419 478 1496 incipiente
507 1437 540 1476 eo
570 1420 707 1496 apparuit
731 1417 825 1496 ludis,
853 1437 925 1498 quos
957 1419 1081 1480 faciebat
1100 1419 1209 1480 Veneri
1237 1417 1390 1478 Genetrioi

235 1535 296 1576 nou
318 1516 412 1576 multo
434 1523 502 1596 post
526 1515 640 1576 obitum
662 1519 756 1594 patris
777 1515 910 1578 Caesaris
934 1521 965 1576 iu
989 1517 1111 1596 collegio
1134 1517 1166 1578 ah
1189 1537 1221 1578 eo
1242 1519 1387 1578 instituto,

235 1634 362 1692 iramque
392 1617 437 1674 his
463 1615 563 1674 uerbis
588 1617 617 1674 iu
639 1615 778 1692 gaudium
795 1615 908 1692 prodii:
933 1613 983 1674 ‘Iis
1003 1617 1077 1694 ipsis
1095 1617 1232 1676 ludorum
1253 1635 1387 1674 meorum

236 1713 342 1774 diebus
364 1713 448 1774 sidus
473 1715 611 1774 erinitum
636 1731 690 1792 per
714 1724 829 1792 septem
853 1713 914 1774 dies
940 1717 971 1772 in
995 1717 1114 1792 regione
1141 1715 1214 1776 caeli
1234 1731 1310 1792 quae
1331 1713 1385 1774 sub

236 1811 488 1890 septentrionibus
523 1819 569 1872 est
600 1822 798 1890 conspectum.
838 1811 866 1872 id
902 1811 1052 1872 oriebatur
1086 1815 1163 1872 eirea
1198 1811 1386 1872 undecimam

194 1924 221 1962 15
234 1909 338 1970 horam
361 1911 421 1970 diei
444 1911 616 1990 clarumque
642 1918 670 1970 el.
698 1911 836 1972 omuibus
863 1929 879 1970 e
908 1913 996 1970 terris
1026 1913 1219 1990 eouspiouum
1248 1911 1312 1970 fuit.
1351 1929 1386 1970 eo

234 2009 333 2068 sidere
357 2011 521 2088 significari
545 2009 653 2086 uolgus
679 2009 806 2069 eredidit
837 2009 969 2070 Caesaris
1000 2011 1127 2070 animam
1154 2013 1232 2070 iuter
1264 2007 1386 2070 deorum

234 2191 321 2282 κέρων
345 2195 439 2244 καλεῖν
465 2211 543 2250 τινας
565 2191 631 2250 τοὺς
653 2199 709 2244 τῶν
731 2193 920 2260 συγκλητικῶν
945 2193 1049 2254 παῖδας
1076 2189 1113 2252 εἰς
1142 2191 1171 2244 τὸ
1198 2189 1385 2258 Καπιτώλιον,

233 2263 271 2322 ὡς
288 2261 433 2328 μέλλοντος
454 2263 480 2326 ἐξ
500 2263 594 2315 αντῶν
612 2259 663 2314 ἕνα
681 2271 731 2316 τοῦ
751 2261 821 2322 Διὸς
840 2263 1037 2316 ἀποδεικνύειν
1057 2271 1104 2330 τῆς
1115 2259 1262 2352 Ράμηςη
1244 2259 1383 2354 ηγεμόνα·

232 2353 298 2394 τους
316 2336 348 2388 δε
366 2331 514 2394 πολίτας
501 2333 555 2386 υπὸ
577 2337 701 2424 σπουδῆς
717 2332 839 2394 θέοντας
860 2333 995 2388 ἵστασθαι
998 2335 1121 2426 περὶ
1096 2355 1145 2388 τον
1164 2335 1234 2388 νεὼν
1255 2333 1301 2388 καὶ
1321 2333 1386 2394 τους

232 2409 340 2466 παῖδας
360 2404 393 2459 ἐν
411 2415 469 2466 τοῖς
486 2405 710 2471 περιπορφύροις
726 2409 787 2458 καθ
787 2403 900 2468 ἕζεσθαι
918 2405 1027 2497 σιωπην
1048 2405 1168 2477 έχοντας
1201 2403 1334 2475 ἐξαίφνης
1351 2405 1384 2460 δε

231 2488 289 2531 των
319 2482 419 2543 θυρῶν
449 2478 638 2547 ἀνοιχθεισῶν
667 2476 736 2531 καθ
766 2476 815 2531 ’ἕνα
844 2488 900 2531 τῶν
926 2476 1037 2533 παίδων
1068 2476 1261 2567 ἀνισταμένην
1292 2478 1385 2549 κύκλῳ

231 2570 297 2617 περι
314 2550 364 2603 τὸν
383 2549 455 2603 θεὸν
474 2551 734 2640 παραπορεύεσθαι,
758 2549 807 2603 τὸν
832 2550 860 2603 δε
881 2548 989 2611 πάντας
1010 2552 1169 2641 ἐπισκρπεῑν
1191 2548 1237 2605 καὶ
1258 2534 1383 2617 ἀποπέμ-

231 2618 499 2713 πεινάχθομένους
517 2618 594 2681 ὡςδ’
611 2626 693 2683 ουτος
707 2642 741 2689 ην
757 2622 881 2687 προσιὼν
897 2618 959 2675 κατ’
976 2620 1072 2683 αὐτόν,
1088 2642 1208 2677 εκτειναι
1221 2640 1272 2689 την
1286 2620 1384 2685 δεξιαν

231 2692 323 2745 καλ’
298 2702 401 2745 ειπεῖν
433 2688 477 2746 (Ὦ
491 2688 637 2761 Ρωμαῖοι,
656 2690 743 2759 πέρας
762 2693 829 2761 υμῖν
851 2692 992 2785 ἐμφυλίων
1019 2692 1145 2761 πολέμων
1168 2690 1250 2755 οὗτος
1273 2692 1384 2761 ηγεμὼν

231 2764 401 2833 γενόμενος’.
428 2762 564 2817 Τοιοῦτόν
580 2784 667 2856 φασιη
682 2763 816 2817 ἐνύπνιον
833 2764 970 2819 ιδάντα
945 2786 993 2819 τον
1010 2770 1044 2819 Κι
1036 2762 1155 2833 ικέρωνα
1169 2766 1220 2833 την
1235 2764 1285 2831 μὲν
1301 2762 1383 2819 ἰδέαν

231 2844 282 2887 του
300 2836 404 2899 παιδὸς
420 2836 597 2905 ἐκμεμάχθαι
614 2836 664 2887 καί
681 2832 809 2905 κατέχειν
832 2836 961 2927 ἐηαργωρ,
979 2836 1067 2891 αυτὸν
1087 2834 1111 2889 δ’
1134 2858 1183 2891 ουκ
1204 2836 1382 2891 ἐπιστασθαι

231 2904 297 2975 μεθ’
320 2906 425 2977 ἡμέραν
456 2906 485 2961 δὲ
510 2906 744 2998 καταβαίνοντος
760 2908 798 2969 εἰς
828 2908 856 2959 τὸ
886 2908 983 2963 πεδίον
1013 2908 1041 2961 τὸ
1062 2902 1174 2975 Ἀρειον
1206 2916 1289 2961 αυτου
1318 2908 1383 2971 τοὺς

230 2980 337 3041 παῖδας
354 2978 409 3071 ἤδη
426 2977 670 3067 γεγυμνασμένους
690 2976 862 3049 ἀπέρχεσθαι
877 2980 1012 3033 κάκεῖνον
1031 2980 1160 3049 ὀφθῆναι
1180 2986 1217 3049 τῷ
1243 2976 1382 3071 Κιαέρωητ

229 3061 349 3118 πρῶτον
363 3048 423 3113 οἷος
442 3052 530 3139 ωφθη
543 3046 614 3103 καθ
637 3070 736 3115 νπνον,
760 3050 930 3119 ἐκπλαγέντα
952 3048 980 3103 δὲ
1002 3050 1213 3115 πυνθάνεσθαι,
1231 3048 1318 3103 τίνων
1338 3048 1381 3141 εἰη

230 3122 344 3189 γονέων
376 3143 413 3191 ην
437 3119 470 3175 δε
491 3124 597 3188 πατρὸς
612 3118 779 3175 Ὀκταουίου
800 3132 856 3175 τῶν
883 3144 932 3177 ουκ
954 3120 1027 3191 ἀγαν
1051 3124 1209 3213 ἐπιφανῶν,
1225 3118 1331 3183 Ἀττίας
1349 3122 1381 3175 δε

228 3196 332 3285 μητρὸς
351 3196 503 3284 ἀδελφιδῆς
520 3192 668 3257 Καίσαρος
705 3194 775 3247 σθεν
788 3198 900 3261 Καισαρ
919 3196 994 3265 αυτῷ
1015 3196 1118 3255 παῖδας
1139 3194 1190 3247 οὐκ
1207 3192 1275 3261 έχων
1289 3192 1382 3255 ἰδίους

228 3264 281 3333 τὴν
299 3268 399 3319 ουσίαν
418 3264 521 3319 ἑαυτοῦ
538 3266 656 3319 καὶτὸν
674 3262 755 3319 οἷκον
775 3264 804 3319 ἐν
831 3274 891 3327 ταῖς
910 3266 1064 3331 διαθηκαις
1086 3266 1197 3319 έδωκεν.
1231 3266 1304 3319 Cum.
1323 3268 1380 3319 Dio

228 3338 356 3403 XLVa
371 3344 387 3391 1
407 3334 564 3427 Παιδίσκρν
580 3356 608 3389 τε
623 3340 711 3391 αυτοῦ
725 3336 806 3397 ὄντος
822 3338 868 3391 καὶ
889 3358 939 3425 την
960 3338 1139 3409 διατριβὴν
1126 3358 1156 3391 εν
1171 3334 1262 3407 Ρνμη
1280 3356 1379 3427 ποιον-

227 3406 312 3475 μένον
339 3380 416 3475 ἔδοξέ
440 3428 507 3463 ποτε
528 3408 542 3463 ὁ
561 3406 724 3476 Κικέρων’
709 3430 779 3476 οναρ
801 3408 912 3463 αλάσεσί
933 3428 961 3463 τε
980 3410 1067 3463 αυτὸν
1087 3418 1202 3495 χρυσαῖς
1222 3392 1293 3469 ἐς
1269 3428 1298 3463 το
1321 3412 1379 3461 Κα-

227 3481 394 3535 πιτάιλιον’
379 3500 410 3535 εκ
427 3502 479 3535 τον
498 3482 622 3571 ρυρανοῠ
642 3484 826 3568 καθιμῆσθαι
844 3484 893 3535 καὶ
912 3480 1031 3571 μάστιγα
1050 3480 1144 3571 παρὰ
1148 3502 1198 3535 τον
1217 3480 1285 3541 Διὸς
1305 3480 1377 3547 ελλη-

228 3550 324 3619 φέναι
354 3556 404 3607 καλ
417 3555 462 3619 (ου
480 3550 534 3619 γδιρ
551 3550 687 3642 ἠπίστατρ
709 3550 782 3613 ὅστις
790 3546 845 3643 ην)
859 3550 1004 3645 περιέτυχέ
1023 3572 1049 3605 τε
1071 3554 1145 3625 αὐτῷ
1162 3562 1212 3623 τῆς
1229 3550 1378 3619 υστεραίας

227 3622 257 3677 ἐν
282 3626 356 3695 αυτῷ
378 3646 416 3697 τῳ
440 3622 606 3695 Καπιτωλίῳ
635 3622 682 3678 καί
712 3622 848 3693 γνωρίσας
877 3622 964 3679 αυτὸν
991 3610 1145 3693 διηγήσατο
1167 3632 1226 3685 τοῖς
1256 3632 1376 3691 παρουσι

225 3694 278 3763 τὴν
298 3680 374 3762 ὅφιν.

315 3766 346 3822 3.
364 3768 521 3821 ΕαΒίοιια
537 3768 711 3822 ΖοκαναεΧ
723 3772 767 3821 12
782 3800 816 3807 -
833 3770 875 3823 De
895 3784 1005 3849 ueterem
1024 3770 1106 3821 uide
1098 3784 1167 3823 γιον
1184 3768 1286 3837 Αααηγ
1303 3784 1325 3823 e
1341 3772 1376 3821 15

226 3838 323 3891 Pleboi
351 3838 494 3891 Romanae
523 3838 631 3891 uiritim
647 3858 683 3891 κε
697 3843 825 3893 trecenos
852 3838 1000 3893 numeraui
1026 3856 1057 3891 ex
1086 3840 1256 3893 testamento
1240 3838 1374 3907 opairie

225 3909 290 3963 mei
323 3918 348 3965 αλ
370 3912 524 3965 Mommsen
546 3928 572 3963 α.
588 3914 612 3963 λι.
628 3914 646 3965 λ
651 3910 661 3941 ²
672 3928 703 3979 p
719 3916 763 3963 60
789 3928 843 3965 αα
845 3910 983 3965 δουναι
1008 3918 1115 3965 auctore
1142 3914 1202 3965 αυλω
1201 3912 1268 3965 λαιλ
1284 3912 1375 3965 Νίιολ

226 3982 356 4037 Damaso.
380 3984 430 4035 αι’λ.
413 3982 527 4037 ᾞδααε
546 4000 567 4035 ο
589 3987 624 4035 17
634 4001 664 4051 ρ
678 3988 733 4037 436
749 3984 846 4039 Maeli
875 3984 948 4039 Suet
970 3984 1043 4037 Coos
1063 3986 1106 4037 83.
1155 3984 1228 4037 Pleu.
1247 3984 1313 4037 Aut.
1331 3988 1373 4035 16.

225 4054 305 4107 Brut.
289 4060 365 4108 tao.
401 4054 677 4123 App.b.e.11143.
704 4062 792 4109 νιαλαλ
781 4056 820 4109 tio
847 4056 898 4125 ληλλ
899 4072 932 4107 αν
958 4072 1133 4109 αιιωταονανι
1156 4054 1231 4123 opud
1256 4054 1375 4107 Diouem

225 4127 271 4179 αελ
288 4128 347 4180 eius
363 4132 500 4180 ανιιλονιια
519 4128 623 4181 erubeseo
642 4126 760 4179 uidetur.

313 4288 349 4373 3,
373 4300 402 4354 5.
425 4290 596 4375 τριάκοντα]
618 4296 680 4353 ανδ.
702 4296 770 4355 (τάνυ.

311 4378 347 4463 4,
373 4387 422 4443 15.
448 4405 464 4443 e
485 4386 571 4443 Lei-d.
587 4378 680 4443 λλλυι.2
694 4403 747 4443 αα.
764 4390 811 4444 αα.
829 4386 907 4445 codd.
