3234 4950
567 338 602 391 M.
618 338 825 393 rueramus
844 338 968 391 VARRO
1219 358 1342 405 XXXVII

192 524 310 591 porum,
339 524 426 583 (piam
455 504 497 565 illi
526 524 561 565 ex
588 507 718 566 siderum
742 513 838 585 motu,
861 506 942 567 unde
965 506 1064 567 omnia
1085 506 1215 583 pendere
1241 524 1341 565 manu-

193 610 298 669 festum
329 611 420 683 esset,
449 607 513 683 ipse
541 623 578 665 ex
604 604 807 683 palingenesia
835 606 987 684 repetiuit,
1013 602 1089 683 quod
1118 604 1167 665 illo
1198 622 1341 665 annorum

193 706 285 785 spatio
311 699 401 761 ‘idem
429 722 537 781 eorpus
567 711 594 763 et
619 702 721 763 eadem
745 704 853 781 anima,
881 722 953 783 quae
977 704 1104 763 luissent
1130 704 1286 763 coniuncta
1310 704 1340 761 in

191 804 309 865 bomine
330 800 495 881 aliquando,
517 800 618 863 eadem
637 820 743 863 rursus
763 802 897 862 redirent
914 802 948 861 in
966 796 1206 861 conunctionem'
1222 800 1278 879 (fr.
1297 802 1339 875 4).

190 900 264 961 illud
289 905 390 959 tamen
416 920 434 959 a
462 918 493 959 se
521 920 581 959 non
607 902 790 979 impetrauit,
821 906 852 959 ut
884 902 1006 959 stoicam
1034 900 1198 959 doctrinam
1221 902 1340 959 omnino

191 998 333 1075 abiceret,
361 997 413 1057 sed
443 1000 481 1057 ita
511 1016 575 1059 16111
601 998 744 1077 instituit,
772 1005 805 1057 ut
830 1000 957 1077 antiquis
981 998 1174 1078 temporibus
1199 1016 1266 1057 cuni
1290 998 1340 1057 ho·

190 1098 285 1157 mines
310 1098 437 1175 spatium
462 1096 746 1175 quadringentorum
765 1096 960 1175 quadraginta
978 1114 1125 1157 armorum
1142 1100 1244 1157 mente
1263 1114 1340 1157 oom-

189 1196 279 1275 plecti
300 1194 433 1254 nondum
456 1202 586 1275 possent,
604 1194 720 1273 periodi
740 1194 861 1255 diluuiis
881 1202 1056 1253 notarentur
1075 1200 1102 1253 et
1124 1202 1339 1271 separarentur,

190 1296 262 1354 haec
288 1301 389 1353 aulem
412 1294 562 1371 portentis
589 1292 767 1354 caelestibus
794 1294 1047 1371 significarentur,
1078 1292 1155 1371 quod
1184 1292 1216 1351 de
1243 1292 1339 1373 Ogygo

191 1391 315 1451 laudatis
349 1392 567 1452 mathematicis
603 1400 727 1451 testatus
766 1400 813 1451 est
844 1388 948 1451 Castor
985 1398 1014 1451 et
1048 1392 1098 1469 qui
1131 1390 1209 1451 hunc
1244 1390 1340 1451 laudat

190 1492 278 1550 Varro
303 1490 360 1566 (fr.
378 1490 420 1563 6).
456 1508 543 1551 causa
567 1494 596 1549 in
622 1510 654 1551 eo
680 1508 746 1551 esse
767 1492 865 1569 posita
888 1490 1015 1569 uidetur,
1040 1488 1120 1569 quod
1137 1496 1171 1549 ut
1191 1488 1338 1549 Romanus

189 1592 344 1649 Etruscam
369 1588 404 1647 de
428 1590 555 1649 saeculis
581 1588 767 1667 disciplinam
789 1595 852 1649 turn
873 1606 927 1667 per
946 1588 1052 1649 urbem
1070 1586 1220 1667 uolgatam
1241 1588 1338 1667 negle-

189 1706 258 1769 gere
288 1706 348 1746 uon
381 1688 485 1765 potuit,
518 1706 577 1767 qua
608 1706 711 1747 eorum
741 1690 869 1767 spatium
897 1686 1033 1746 similiter
1064 1692 1148 1765 atque
1180 1688 1338 1747 stoicorum

190 1786 323 1847 doctrina
343 1787 490 1863 portentis
515 1785 711 1847 definiebatur
729 1788 924 1859 (16111111.
938 1804 971 1863 p.
988 1784 1146 1859 meina).
1167 1784 1221 1845 hac
1243 1792 1338 1845 autem

187 1890 251 1965 ipsa
273 1882 468 1943 mutabilitate
493 1886 633 1965 quoniam
649 1884 877 1961 impediebatur,
896 1886 1056 1961 quominus
1075 1882 1200 1943 saeculis
1218 1892 1338 1943 uerten-

188 1982 267 2043 iibus
292 1982 342 2042 uel
370 1982 568 2061 naturalibus,
595 2002 670 2062 quae
699 1982 799 2043 diuina
822 1982 972 2043 uoluntate
999 1988 1182 2061 notarentur,
1205 1982 1242 2041 ad
1264 1988 1337 2043 tern-

186 2100 260 2163 pora
281 2080 488 2142 constituenda
511 2088 659 2161 uteretur,
687 2080 722 2141 ad
746 2080 837 2141 libros
863 2080 1020 2161 Sibyllinos
1046 2100 1077 2141 se
1102 2082 1263 2155 conuertit,
1288 2082 1338 2159 qui

188 2181 297 2241 Graeco
326 2182 388 2239 ritu
414 2182 572 2261 compositi
598 2181 761 2241 centesimo
784 2180 899 2241 decimo
925 2198 1041 2259 quoque
1067 2196 1141 2239 anno
1166 2176 1251 2237 ludos
1275 2198 1336 2239 sae-

187 2279 301 2339 culares
320 2276 429 2339 Romae
449 2278 594 2339 celebrari
613 2278 760 2339 uolebant.
790 2280 890 2357 itaque
908 2278 982 2339 haec
998 2276 1116 2339 saecula
1131 2296 1198 2337 cum
1212 2294 1336 2339 numero

186 2381 258 2437 item
280 2376 393 2437 Gracco
415 2372 483 2437 440
506 2380 547 2437 ita
571 2378 732 2455 coniunxit,
755 2383 788 2435 ut
812 2378 891 2439 hunc
917 2378 1119 2455 palingenesia
1136 2376 1336 2453 Pythagorica,

187 2479 250 2538 eius
277 2483 416 2556 quattuor
443 2485 543 2556 partes
574 2477 684 2538 diuisas
711 2474 890 2556 Sibyllarum
920 2477 1092 2538 auctoritate
1124 2475 1208 2554 quasi
1235 2493 1335 2534 couse-

187 2582 282 2634 craret
306 2575 630 2654 clirouograpbiamque
656 2582 794 2636 suamet
822 2593 923 2636 rerum
946 2573 1145 2634 Romanarum
1175 2581 1201 2634 61
1226 2591 1335 2652 earum,

187 2693 261 2754 quae
288 2680 355 2734 ante
384 2673 490 2734 urbem
517 2674 666 2736 conditam
696 2681 795 2752 gestae
824 2679 937 2752 essent,
965 2673 1002 2734 ad
1029 2675 1091 2734 uim
1118 2673 1263 2752 quandam
1289 2691 1335 2732 su-

184 2775 332 2852 perierem
356 2769 405 2832 uel
431 2773 561 2832 diuinam
584 2773 717 2834 referret.
751 2793 808 2850 qua
827 2775 939 2832 ratione
958 2775 1074 2850 priscae
1095 2789 1212 2832 morum
1238 2769 1334 2850 probi-

139 2894 141 2897 ·
185 2871 255 2932 tatis
285 2877 316 2930 et
345 2871 525 2950 integritatis
556 2879 710 2932 reuocatae
740 2871 827 2932 etiam
855 2871 951 2932 ueteri
979 2871 1022 2928 illi
1053 2869 1200 2931 desiderio
1230 2889 1335 2930 aureae

186 2972 287 3030 aetatis
313 2969 510 3030 satisfaciebat
532 2989 676 3048 spemque
700 2973 764 3030 eius
788 2967 927 3048 explendi
949 2969 1098 3048 firmabat,
1128 2969 1211 3028 cuius
1241 2971 1335 3048 prima

184 3069 311 3146 uestigia
340 3069 484 3128 babemus
517 3087 540 3128 a.
566 3063 695 3149 toltit
727 3069 806 3148 apud
832 3067 994 3146 Vergilium
1026 3067 1058 3126 in
1089 3065 1185 3126 bucol.
1208 3063 1241 3146 4,
1259 3063 1332 3144 4sq.

350 3168 459 3228 Vltima
488 3169 612 3228 Cumaei
634 3171 718 3228 aienti
742 3172 804 3228 tum
827 3171 974 3228 carminis
999 3173 1101 3236 uetus,-

342 3283 471 3340 muqnns
497 3267 533 3326 ub
559 3270 678 3342 tnteqro
700 3267 872 3328 saeclorum
894 3269 1035 3326 nuscitur
1060 3267 1142 3326 ordo.

183 3363 262 3424 Haec
289 3371 389 3424 tamen
417 3363 507 3426 dubia
532 3382 581 3424 res
610 3371 667 3444 est,
695 3381 780 3442 num,
811 3381 878 3424 cum
906 3363 942 3424 de
970 3371 1059 3442 gente
1082 3363 1185 3442 populi
1208 3363 1331 3426 Romani

182 3461 291 3524 librum
320 3481 406 3522 suum
436 3471 639 3542 componeret,
668 3463 917 3542 computationem
945 3463 1131 3522 saeculorum
1161 3481 1229 3522 cum
1257 3479 1332 3522 anno

182 3561 265 3622 urbis
294 3561 429 3622 conditae
456 3563 630 3624 conexuerit
657 3568 707 3621 aut
735 3579 807 3620 num
830 3561 944 3640 aliquos
972 3559 1058 3620 ludos
1081 3559 1257 3638 saeculares,
1283 3563 1332 3640 qui

182 3659 282 3738 plures
312 3664 407 3738 erant,
435 3662 548 3738 primos
576 3661 739 3720 centesimo
764 3659 815 3720 uel
844 3659 1006 3720 certissimo
1035 3659 1131 3738 primo
1161 3677 1238 3718 anno
1264 3665 1332 3736 past

181 3757 286 3820 urbem
316 3758 462 3818 ciinditam
497 3758 660 3818 celebratos
694 3775 759 3818 esse
790 3757 928 3818 uoluerit.
965 3755 1038 3816 illud
1071 3763 1187 3816 constat
1218 3775 1331 3816 rnorem

183 3857 314 3918 Tuscum
343 3857 495 3918 imitatum
526 3857 588 3918 sola
622 3855 739 3918 saccula
769 3873 838 3918 eum
869 3855 1058 3916 constituisse
1085 3861 1116 3914 et
1147 3873 1330 3934 numerasse,

183 3957 261 4032 quod
281 3963 318 4014 ut
338 3963 420 4016 recte
445 3955 564 4035 laceret,
586 3957 704 4016 curiose
728 3961 924 4034 computasse,
948 3957 1014 4032 quis
1040 3973 1134 4016 annus
1158 3951 1242 4015 urbis
1262 3973 1330 4014 con·

183 4053 259 4116 ditae
286 4061 379 4133 esset,
405 4053 497 4132 idque
523 4054 776 4132 genethliacorum
804 4053 855 4114 uel
881 4051 1156 4114 matbematicorum
1185 4071 1274 4130 opera
1303 4059 1330 4112 et

183 4151 315 4212 doctrina
346 4151 489 4231 adbibita,
520 4155 648 4212 maxime
682 4151 711 4210 L.
736 4151 851 4212 Tarutii
882 4149 1026 4228 Firmani,
1061 4169 1148 4228 quem
1183 4153 1329 4210 contraria

182 4251 309 4328 tutione,
340 4258 429 4328 atque
460 4251 522 4310 lere
551 4251 618 4309 lieri
644 4249 768 4326 solebat,
798 4269 831 4310 er
862 4247 951 4308 rebus
983 4251 1072 4326 gostis
1100 4249 1218 4308 Romuli
1252 4247 1328 4308 diem

181 4349 316 4428 natalem,
338 4349 409 4410 hinc
432 4347 516 4410 urbis
541 4348 689 4410 deducere
709 4351 839 4410 iusserat
866 4347 957 4422 (Puer.
974 4347 1136 4422 11611112).
