3234 4950
260 390 300 451 26
662 388 822 443 CORNELI
840 388 993 443 NEPOTIS

348 550 381 617 4.
410 558 479 617 dett.
501 558 536 617 X
541 558 556 615 l
564 558 602 617 II
624 556 716 631 21,8
754 556 963 617 Archilochum
993 565 1091 617 autern
1122 554 1219 635 Nepos
1254 554 1406 617 Cornelius

259 654 349 713 tradit
378 652 462 713 Tullo
490 652 613 713 Hostilio
645 654 751 713 Romae
780 662 921 731 regnante
957 656 1017 713 iarn
1042 663 1114 713 tuno
1143 655 1234 715 luisse
1262 656 1406 731 poematis

259 750 371 811 alarum
397 760 425 811 et
449 752 587 813 nobilem.

195 838 248 917 222.
349 846 382 911 5.
415 854 484 911 Geil.
505 854 606 911 XVII
625 854 675 927 21,
693 852 734 911 23
769 850 870 929 Neque
902 852 996 911 multe
1023 860 1089 929 post
1118 851 1205 929 [post
1231 854 1406 911 incendium

197 928 247 977 370
263 950 422 1025 Gallicum]
445 984 485 991 -—
507 950 541 1009 tr.
562 950 686 1009 Manlius
712 950 829 1027 Romae,
852 955 904 1029 qui
922 948 1021 1011 Gallos
1041 952 1074 1008 iu
1096 950 1251 1009 obsidione
1270 950 1433 1029 Capiitoliis

259 1048 427 1127 obrepentis
457 1048 624 1127 perardua
651 1048 810 1128 depulerat,
835 1050 989 1109 oouuietus
1015 1058 1059 1109 est
1081 1046 1237 1107 eonsilium
1260 1048 1293 1107 de
1314 1066 1404 1127 regno

177 1120 241 1225 spui
259 1146 427 1225 occupando
454 1148 550 1205 inisse
571 1146 782 1225 damnatusque
808 1150 912 1227 eapitis
931 1166 1036 1207 asaro
1055 1148 1191 1225 Tarpei0,
1210 1154 1244 1205 ut
1262 1147 1297 1205 ll⁴
1315 1148 1404 1205 Varro

259 1246 305 1321 ait,
330 1264 472 1325 praeceps
497 1244 590 1325 deine,
613 1254 647 1305 ut
670 1244 825 1305 Cornelius
852 1256 953 1307 autem
975 1244 1075 1323 Nepos
1102 1246 1248 1323 seriptum
1275 1244 1404 1323 reliquit,

257 1342 443 1403 uerberando
467 1352 590 1403 neeatus
613 1350 665 1403 est.

347 1436 405 1505 6²³⁴.
430 1444 522 1503 Sotin.
541 1442 593 1517 40,
608 1444 630 1501 4
647 1460 678 1517 p.
700 1442 766 1501 220
784 1444 828 1501 Μ.
854 1442 979 1503 Notatur
1008 1442 1109 1503 eadern
1136 1442 1182 1501 die
1207 1442 1404 1521 eonllagrasse
1420 1462 1447 1500 10

256 1540 401 1619 templum
430 1540 551 1619 Ephesi,
584 1560 641 1619 qua
670 1540 836 1601 Alexander
863 1542 985 1619 Magnus
1016 1540 1113 1601 Pellae
1144 1548 1230 1601 natus
1262 1549 1320 1619 est,
1352 1544 1405 1619 qui

256 1640 362 1717 oritur,
394 1646 426 1699 ut
457 1638 554 1717 Nepos
587 1638 658 1717 edit,
687 1638 722 1697 Μ.
747 1638 837 1699 Fabio
866 1640 1010 1699 Ambusto
1036 1640 1070 1699 T.
1089 1638 1210 1709 Quintio
1239 1638 1403 1717 Capitolino

256 1754 324 1817 eos,
348 1746 414 1817 post
432 1738 554 1797 Rotnani
575 1738 721 1797 eonditum
742 1756 819 1797 anno
837 1742 1046 1799 trecentesimo
1067 1738 1267 1815 octogensimo
1290 1741 1403 1817 opulnto.

348 1832 405 1897 7²³⁶.
433 1838 538 1897 Cureti.
560 1838 589 1911 1,
608 1838 629 1895 5
661 1834 736 1907 Quoi
763 1836 837 1895 dono
859 1838 992 1917 lepidum
1019 1856 1132 1897 nouum
1153 1834 1287 1895 libellum
1309 1832 1404 1918 1-2

257 1934 388 2015 Corneli,
424 1934 494 1995 tihi:
535 1952 663 2015 namque
702 1942 731 1997 tu
771 1934 886 1995 solebas
910 1931 913 2016 l
940 1954 1020 1997 meas
1054 1952 1119 1995 esse
1152 1934 1264 2013 aliquid
1298 1942 1404 2013 putare
1419 1954 1445 1991 15

256 2052 348 2111 nugas
369 2028 372 2115 Ι
396 2036 454 2093 iarn
476 2042 539 2093 turn
564 2054 632 2093 ourn
656 2052 743 2093 ausus
770 2052 800 2093 es
825 2054 901 2095 unus
923 2034 1065 2093 Italorum
1085 2029 1089 2114 l
1110 2050 1198 2093 omne
1220 2052 1329 2095 aeuum
1351 2036 1404 2093 tri·

256 2132 311 2191 bus
337 2132 482 2217 explicare
508 2132 617 2191 ebartis
640 2126 643 2213 Ι
665 2132 767 2211 doctis,
790 2132 932 2213 luppiter,
957 2140 986 2191 et
1009 2132 1171 2193 laboriosis.

734 2340 926 2399 EXEMPLA

348 2475 379 2544 1.
409 2483 524 2544 Oleniis
540 2487 561 2542 I
569 2503 601 2560 p.
618 2485 683 2544 rie
698 2485 733 2544 Ji.
760 2481 883 2544 Vestite.
910 2482 1010 2562 Nepos
1028 2483 1232 2562 exemplantur
1251 2482 1276 2542 ll
1296 2481 1325 2542 ‘a
1341 2485 1404 2542 uir-

256 2583 324 2660 gine
349 2579 476 2642 Vestale'
508 2583 604 2660 inquit
637 2601 689 2660 pro
716 2580 838 2658 Vestali,
870 2583 939 2662 qnia
970 2601 1030 2641 non
1063 2599 1220 2660 personam
1255 2579 1307 2640 sed
1339 2599 1403 2640 rem

257 2681 411 2758 signifieat
819 2737 822 2742 ,
1417 2695 1444 2734 20

349 2775 381 2840 2.
411 2781 480 2840 Gen.
503 2781 548 2838 VJ
568 2779 658 2854 18,2
693 2781 764 2838 Posi
794 2781 941 2856 proelium
969 2778 1123 2838 Canrteuse
1150 2777 1308 2856 Hannibal,
1336 2777 1404 2838 Car·

257 2877 485 2956 thaginieusium
506 2879 674 2956 imperator,
696 2895 730 2938 ex
751 2879 879 2954 eaptinis
898 2879 1008 2936 nostris
1027 2877 1137 2938 eleetos
1155 2875 1259 2936 deoern
1280 2877 1404 2936 Romam

346 3065 373 3120 4.
401 3069 461 3122 Vnn
483 3085 543 3120 enni
567 3069 636 3134 002
658 3069 707 3122 boe
728 3085 762 3120 eae
786 3069 927 3122 Obronieie
951 3075 1088 3136 sumptum
1111 3085 1164 3122 esse
1192 3069 1274 3120 initio
1303 3069 1404 3134 cupitis

259 3141 362 3192 Gellius
385 3141 561 3210 sipieiiieunit.
586 3171 620 3178 --
647 3139 686 3204 Of.
703 3141 819 3192 Hieron.
834 3141 871 3192 ed
889 3143 1005 3194 01352
1023 3144 1070 3205 (=
1085 3144 1141 3192 665
1158 3159 1185 3193 n.
1202 3141 1272 3204 on,
1292 3143 1319 3192 9.
1333 3157 1401 3192 uitii.

260 3213 335 3264 Tulli
352 3213 443 3278 Hesi.)
476 3211 641 3264 Archilnens
659 3213 688 3264 et
708 3209 863 3264 Simonides
883 3213 911 3266 et
930 3211 1110 3265 Aristoxenus
1131 3211 1254 3264 musicus
1272 3209 1400 3262 inlustris

256 3285 385 3336 habetur.
418 3283 515 3336 nonen
532 3301 567 3336 ni.
583 3283 635 3336 Rb.
652 3285 686 3336 33
703 3301 729 3352 p.
747 3285 864 3352 194300,

346 3353 374 3408 e.
400 3355 440 3420 Of.
458 3355 524 3408 Geli.
540 3355 638 3408 XVII
652 3357 696 3420 21,
711 3359 748 3408 20
775 3353 853 3408 Circa
877 3373 981 3408 annum
1007 3355 1084 3408 urbis
1109 3354 1241 3408 conditae
1267 3352 1402 3420 quadrin-

256 3423 440 3496 gentesimum
459 3425 614 3494 Philippus,
634 3427 772 3494 Amyntae
790 3425 873 3492 filius,
893 3425 1045 3480 Alexandri
1064 3429 1152 3496 pater,
1171 3443 1288 3495 reguum
1307 3423 1401 3480 Mace*

257 3497 357 3552 deniae
378 3497 496 3566 adeptus
517 3501 558 3552 est
578 3497 661 3564 inque
682 3513 713 3550 eo
731 3499 858 3564 tempore
878 3499 1035 3552 Alexander
1054 3501 1139 3552 natus
1156 3501 1207 3550 est.

360 3611 496 3618 „qma—sum·-

346 3675 381 3762 4,
403 3687 429 3742 2.
455 3685 540 3744 tullio
565 3683 682 3744 endetd
707 3689 731 3744 et
749 3703 826 3758 0003
848 3687 966 3765 eoddy

346 3767 380 3852 6,
403 3777 452 3832 1-1.
473 3777 523 3832 12.
552 3775 647 3834 Verbu
670 3777 722 3848 qui
745 3777 903 3834 oritu1·-—-
922 3777 1027 3850 quinto
1054 3777 1088 3834 in
1113 3777 1173 3834 sele
1198 3777 1279 3834 tertie
1303 3776 1404 3834 ordine

256 3865 386 3922 oodienni
409 3867 586 3922 Meniineeni
606 3869 725 3924 serneio
748 3869 834 3933 strnt;
854 3867 915 3924 nid.
931 3865 1054 3938 append.
1065 3885 1096 3937 n.
1111 3867 1186 3924 217.
1201 3897 1246 3904 -
1267 3864 1404 3924 Oemnles

256 3957 326 4012 sunt
347 3971 373 4010 u.
396 3957 460 4012 400
482 3957 520 4012 nb
538 3973 566 4010 n.
588 3973 608 4012 e.
628 3971 680 4012 see.
703 3953 924 4022 Vononen:
945 3975 971 4012 0.
992 3957 1056 4012 397
1075 3973 1128 4012 see.
1147 3955 1304 4026 Nepotem,-
1322 3957 1353 4012 et
1377 3975 1403 4013 0.

258 4043 323 4100 395
340 4059 394 4100 see.
416 4043 489 4116 Nep.
511 4043 677 4102 Ateeonder
701 4047 788 4102 nutrio
812 4049 868 4116 est;
899 4047 997 4116 itnune
1025 4045 1123 4118 Unper
1145 4063 1182 4100 in.
1202 4043 1259 4102 lib.
1278 4045 1407 4101 XXXV

250 4137 481 4206 01400000
514 4149 665 4190 oeearrrrr
689 4135 806 4206 scripsit
836 4153 1016 4192 occurritur.
1043 4135 1196 4192 eensnlnin
1221 4137 1342 4192 nornine
1372 4151 1404 4192 en

256 4225 499 4280 contaminatione
514 4221 634 4296 Nepotis
653 4239 718 4280 000
733 4223 864 4282 Vonone
884 4242 943 4284 esse
961 4227 1025 4282 erte
1042 4223 1182 4282 uidentur
1256 4225 1305 4280 12.
1329 4223 1405 4280 sedit

256 4311 387 4386 Sonent.
479 4313 643 4386 capitolino
665 4311 763 4370 Puris.
832 4353 843 4380 0
899 4347 903 4354 ·

349 4393 378 4478 l,
406 4401 455 4458 18.
482 4405 530 4460 19.
555 4419 573 4458 a
595 4401 712 4478 uirgine
736 4401 845 4460 uestali
868 4403 927 4462 eod.
