<?xml version="1.0" encoding="UTF-8"?>
<!DOCTYPE html PUBLIC "-//W3C//DTD XHTML 1.0 Transitional//EN"
    "http://www.w3.org/TR/xhtml1/DTD/xhtml1-transitional.dtd">
<html xmlns="http://www.w3.org/1999/xhtml" xml:lang="en" lang="en">
 <head>
  <title>
</title>
<meta http-equiv="Content-Type" content="text/html;charset=utf-8" />
  <meta name='ocr-system' content='tesseract 3.04.00' />
  <meta name='ocr-capabilities' content='ocr_page ocr_carea ocr_par ocr_line ocrx_word'/>
</head>
<body>
  <div class='ocr_page' id='page_1' title='image "./historicorumrom03petegoog_0347.png"; bbox 0 0 3234 4950; ppageno 0'>
   <div class='ocr_carea' id='block_1_1' title="bbox 462 325 1367 388">
    <p class='ocr_par' dir='ltr' id='par_1_1' title="bbox 462 325 1367 388">
     <span class='ocr_line' id='line_1_1' title="bbox 462 325 1367 388; baseline -0.001 -8"><span class='ocrx_word' id='word_1_1' title='bbox 462 325 629 380; x_wconf 72' lang='lat' dir='ltr'>nuenarii</span> <span class='ocrx_word' id='word_1_2' title='bbox 648 325 736 380; x_wconf 71' lang='lat' dir='ltr'>Vina</span> <span class='ocrx_word' id='word_1_3' title='bbox 753 327 968 380; x_wconf 72' lang='lat' dir='ltr'>annuarum</span> <span class='ocrx_word' id='word_1_4' title='bbox 989 327 1119 380; x_wconf 81' lang='lat' dir='ltr'>SEVERI</span> <span class='ocrx_word' id='word_1_5' title='bbox 1307 328 1367 388; x_wconf 73' lang='grc'>129</span> 
     </span>
    </p>
   </div>
   <div class='ocr_carea' id='block_1_2' title="bbox 178 491 1368 2250">
    <p class='ocr_par' dir='ltr' id='par_1_2' title="bbox 178 491 1368 2250">
     <span class='ocr_line' id='line_1_2' title="bbox 219 491 1368 574; baseline -0.002 -20"><span class='ocrx_word' id='word_1_6' title='bbox 219 491 292 574; x_wconf 81' lang='lat'><em>(13)</em></span> <span class='ocrx_word' id='word_1_7' title='bbox 317 493 391 554; x_wconf 88' lang='lat' dir='ltr'>Hinc</span> <span class='ocrx_word' id='word_1_8' title='bbox 417 503 546 574; x_wconf 90' lang='lat' dir='ltr'>apparet,</span> <span class='ocrx_word' id='word_1_9' title='bbox 570 503 679 572; x_wconf 85' lang='lat' dir='ltr'>quanta</span> <span class='ocrx_word' id='word_1_10' title='bbox 702 497 863 554; x_wconf 87' lang='lat' dir='ltr'>seueritate</span> <span class='ocrx_word' id='word_1_11' title='bbox 886 495 1046 554; x_wconf 75' lang='lat' dir='ltr'>factionem</span> <span class='ocrx_word' id='word_1_12' title='bbox 1065 495 1116 554; x_wconf 90' lang='lat' dir='ltr'>uel</span> <span class='ocrx_word' id='word_1_13' title='bbox 1133 495 1368 554; x_wconf 73' lang='lat' dir='ltr'>Pescennianam</span> 
     </span>
     <span class='ocr_line' id='line_1_3' title="bbox 218 593 1368 672; baseline 0 -20"><span class='ocrx_word' id='word_1_14' title='bbox 218 593 266 654; x_wconf 91' lang='lat' dir='ltr'>uel</span> <span class='ocrx_word' id='word_1_15' title='bbox 282 593 451 652; x_wconf 83' lang='lat' dir='ltr'>Clodianam</span> <span class='ocrx_word' id='word_1_16' title='bbox 471 593 678 654; x_wconf 87' lang='lat' dir='ltr'>uindicauerit.</span> <span class='ocrx_word' id='word_1_17' title='bbox 705 611 781 672; x_wconf 85' lang='lat' dir='ltr'>quae</span> <span class='ocrx_word' id='word_1_18' title='bbox 802 593 923 670; x_wconf 84' lang='lat' dir='ltr'>quidem</span> <span class='ocrx_word' id='word_1_19' title='bbox 941 594 1041 652; x_wconf 88' lang='lat' dir='ltr'>omnia</span> <span class='ocrx_word' id='word_1_20' title='bbox 1059 595 1089 650; x_wconf 90' lang='lat' dir='ltr'>in</span> <span class='ocrx_word' id='word_1_21' title='bbox 1110 595 1171 652; x_wconf 85' lang='lat' dir='ltr'>uita</span> <span class='ocrx_word' id='word_1_22' title='bbox 1189 596 1253 652; x_wconf 88' lang='lat' dir='ltr'>eins</span> <span class='ocrx_word' id='word_1_23' title='bbox 1274 595 1368 670; x_wconf 86' lang='lat' dir='ltr'>posita</span> 
     </span>
     <span class='ocr_line' id='line_1_4' title="bbox 219 690 1367 770; baseline -0.002 -18"><span class='ocrx_word' id='word_1_24' title='bbox 219 699 297 752; x_wconf 89' lang='lat' dir='ltr'>sunt.</span> <span class='ocrx_word' id='word_1_25' title='bbox 334 711 408 770; x_wconf 74' lang='lat' dir='ltr'>(luae</span> <span class='ocrx_word' id='word_1_26' title='bbox 439 695 490 770; x_wconf 88' lang='lat' dir='ltr'>qui</span> <span class='ocrx_word' id='word_1_27' title='bbox 517 691 688 770; x_wconf 82' lang='lat' dir='ltr'>diligentius</span> <span class='ocrx_word' id='word_1_28' title='bbox 717 695 795 752; x_wconf 84' lang='lat' dir='ltr'>sciro</span> <span class='ocrx_word' id='word_1_29' title='bbox 824 691 914 770; x_wconf 90' lang='lat' dir='ltr'>uelit,</span> <span class='ocrx_word' id='word_1_30' title='bbox 940 691 1019 770; x_wconf 81' lang='lat' dir='ltr'>legat</span> <span class='ocrx_word' id='word_1_31' title='bbox 1052 690 1175 750; x_wconf 84' lang='lat' dir='ltr'>Marium</span> <span class='ocrx_word' id='word_1_32' title='bbox 1208 691 1367 752; x_wconf 81' lang='lat' dir='ltr'>Maximum</span> 
     </span>
     <span class='ocr_line' id='line_1_5' title="bbox 219 789 1368 870; baseline -0.003 -19"><span class='ocrx_word' id='word_1_33' title='bbox 219 790 255 851; x_wconf 91' lang='lat' dir='ltr'>de</span> <span class='ocrx_word' id='word_1_34' title='bbox 279 791 390 850; x_wconf 89' lang='lat' dir='ltr'>Latinis</span> <span class='ocrx_word' id='word_1_35' title='bbox 422 791 623 870; x_wconf 71' lang='lat' dir='ltr'>scriptoribus,</span> <span class='ocrx_word' id='word_1_36' title='bbox 653 791 688 852; x_wconf 91' lang='lat' dir='ltr'>de</span> <span class='ocrx_word' id='word_1_37' title='bbox 713 791 833 850; x_wconf 86' lang='lat' dir='ltr'>Graecis</span> <span class='ocrx_word' id='word_1_38' title='bbox 864 789 1060 868; x_wconf 75' lang='lat' dir='ltr'>scriptoribus</span> <span class='ocrx_word' id='word_1_39' title='bbox 1083 789 1294 868; x_wconf 88' lang='lat' dir='ltr'>Herodianum,</span> <span class='ocrx_word' id='word_1_40' title='bbox 1317 791 1368 866; x_wconf 88' lang='lat' dir='ltr'>qni</span> 
     </span>
     <span class='ocr_line' id='line_1_6' title="bbox 193 887 703 968; baseline -0.004 -18"><span class='ocrx_word' id='word_1_41' title='bbox 193 889 255 950; x_wconf 81' lang='lat' dir='ltr'>aad</span> <span class='ocrx_word' id='word_1_42' title='bbox 279 889 369 950; x_wconf 90' lang='lat' dir='ltr'>fidem</span> <span class='ocrx_word' id='word_1_43' title='bbox 390 889 532 968; x_wconf 81' lang='lat' dir='ltr'>pleraque</span> <span class='ocrx_word' id='word_1_44' title='bbox 559 887 703 950; x_wconf 84' lang='lat' dir='ltr'>dixerunt.</span> 
     </span>
     <span class='ocr_line' id='line_1_7' title="bbox 309 1001 714 1048; baseline -0.005 0"><span class='ocrx_word' id='word_1_45' title='bbox 309 1001 355 1048; x_wconf 82' lang='lat' dir='ltr'>DE</span> <span class='ocrx_word' id='word_1_46' title='bbox 375 1001 456 1046; x_wconf 86' lang='lat' dir='ltr'>VITA</span> <span class='ocrx_word' id='word_1_47' title='bbox 477 1001 714 1048; x_wconf 74' lang='lat' dir='ltr'>Hnniottnssnm</span> 
     </span>
     <span class='ocr_line' id='line_1_8' title="bbox 310 1081 1366 1166; baseline -0.002 -18"><span class='ocrx_word' id='word_1_48' title='bbox 310 1081 367 1148; x_wconf 80' lang='grc'>26.</span> <span class='ocrx_word' id='word_1_49' title='bbox 390 1087 512 1162; x_wconf 80' lang='lat' dir='ltr'>Lampr.</span> <span class='ocrx_word' id='word_1_50' title='bbox 528 1089 644 1162; x_wconf 75' lang='lat' dir='ltr'>Hellop.</span> <span class='ocrx_word' id='word_1_51' title='bbox 662 1087 711 1160; x_wconf 81' lang='lat' dir='ltr'>It,</span> <span class='ocrx_word' id='word_1_52' title='bbox 729 1089 748 1146; x_wconf 83' lang='grc'><em>6</em></span> <span class='ocrx_word' id='word_1_53' title='bbox 772 1085 884 1148; x_wconf 89' lang='lat' dir='ltr'>Femnt</span> <span class='ocrx_word' id='word_1_54' title='bbox 903 1087 989 1149; x_wconf 87' lang='lat' dir='ltr'>multi</span> <span class='ocrx_word' id='word_1_55' title='bbox 1008 1087 1045 1148; x_wconf 88' lang='lat' dir='ltr'>ab</span> <span class='ocrx_word' id='word_1_56' title='bbox 1063 1089 1127 1166; x_wconf 88' lang='lat' dir='ltr'>ipso</span> <span class='ocrx_word' id='word_1_57' title='bbox 1140 1085 1366 1164; x_wconf 67' lang='lat' dir='ltr'>[retractato]</span> 
     </span>
     <span class='ocr_line' id='line_1_9' title="bbox 218 1185 1367 1264; baseline 0 -20"><span class='ocrx_word' id='word_1_58' title='bbox 218 1189 347 1264; x_wconf 89' lang='lat' dir='ltr'>primum</span> <span class='ocrx_word' id='word_1_59' title='bbox 377 1191 541 1262; x_wconf 88' lang='lat' dir='ltr'>repertum,</span> <span class='ocrx_word' id='word_1_60' title='bbox 569 1193 603 1244; x_wconf 91' lang='lat' dir='ltr'>ut</span> <span class='ocrx_word' id='word_1_61' title='bbox 629 1187 661 1244; x_wconf 90' lang='lat' dir='ltr'>in</span> <span class='ocrx_word' id='word_1_62' title='bbox 684 1185 903 1246; x_wconf 90' lang='lat' dir='ltr'>uindemiarum</span> <span class='ocrx_word' id='word_1_63' title='bbox 930 1187 1039 1246; x_wconf 88' lang='lat' dir='ltr'>festino</span> <span class='ocrx_word' id='word_1_64' title='bbox 1061 1187 1153 1246; x_wconf 92' lang='lat' dir='ltr'>multa</span> <span class='ocrx_word' id='word_1_65' title='bbox 1177 1187 1207 1244; x_wconf 93' lang='lat' dir='ltr'>in</span> <span class='ocrx_word' id='word_1_66' title='bbox 1234 1185 1367 1244; x_wconf 90' lang='lat' dir='ltr'>dominos</span> 
     </span>
     <span class='ocr_line' id='line_1_10' title="bbox 219 1283 1367 1364; baseline -0.003 -20"><span class='ocrx_word' id='word_1_67' title='bbox 219 1283 361 1346; x_wconf 87' lang='lat' dir='ltr'>iocularia.</span> <span class='ocrx_word' id='word_1_68' title='bbox 392 1291 422 1344; x_wconf 91' lang='lat' dir='ltr'>et</span> <span class='ocrx_word' id='word_1_69' title='bbox 453 1283 639 1344; x_wconf 79' lang='lat' dir='ltr'>audientibus</span> <span class='ocrx_word' id='word_1_70' title='bbox 676 1283 802 1344; x_wconf 88' lang='lat' dir='ltr'>dominis</span> <span class='ocrx_word' id='word_1_71' title='bbox 835 1285 1021 1364; x_wconf 75' lang='lat' dir='ltr'>dicerentur,</span> <span class='ocrx_word' id='word_1_72' title='bbox 1056 1303 1129 1364; x_wconf 85' lang='lat' dir='ltr'>quae</span> <span class='ocrx_word' id='word_1_73' title='bbox 1164 1287 1228 1362; x_wconf 87' lang='lat' dir='ltr'>ipse</span> <span class='ocrx_word' id='word_1_74' title='bbox 1257 1301 1367 1362; x_wconf 92' lang='lat' dir='ltr'>conpo-</span> 
     </span>
     <span class='ocr_line' id='line_1_11' title="bbox 180 1381 1367 1462; baseline 0 -20"><span class='ocrx_word' id='word_1_75' title='bbox 180 1403 203 1442; x_wconf 78' lang='grc' dir='ltr'>ιο</span> <span class='ocrx_word' id='word_1_76' title='bbox 219 1391 327 1462; x_wconf 89' lang='lat' dir='ltr'>suerat,</span> <span class='ocrx_word' id='word_1_77' title='bbox 352 1391 380 1442; x_wconf 91' lang='lat' dir='ltr'>et</span> <span class='ocrx_word' id='word_1_78' title='bbox 404 1381 514 1442; x_wconf 88' lang='lat' dir='ltr'>Graeca</span> <span class='ocrx_word' id='word_1_79' title='bbox 539 1385 675 1442; x_wconf 86' lang='lat' dir='ltr'>maxime.</span> <span class='ocrx_word' id='word_1_80' title='bbox 707 1381 815 1442; x_wconf 91' lang='lat' dir='ltr'>horum</span> <span class='ocrx_word' id='word_1_81' title='bbox 837 1385 980 1462; x_wconf 85' lang='lat' dir='ltr'>pleraque</span> <span class='ocrx_word' id='word_1_82' title='bbox 998 1385 1109 1444; x_wconf 78' lang='lat' dir='ltr'>ilarius</span> <span class='ocrx_word' id='word_1_83' title='bbox 1127 1383 1272 1442; x_wconf 76' lang='lat' dir='ltr'>Maximus</span> <span class='ocrx_word' id='word_1_84' title='bbox 1296 1381 1367 1442; x_wconf 87' lang='lat' dir='ltr'>dicit</span> 
     </span>
     <span class='ocr_line' id='line_1_12' title="bbox 217 1481 666 1560; baseline 0 -20"><span class='ocrx_word' id='word_1_85' title='bbox 217 1485 250 1542; x_wconf 91' lang='lat' dir='ltr'>in</span> <span class='ocrx_word' id='word_1_86' title='bbox 271 1483 333 1542; x_wconf 91' lang='lat' dir='ltr'>uita</span> <span class='ocrx_word' id='word_1_87' title='bbox 358 1483 451 1560; x_wconf 90' lang='lat' dir='ltr'>ipsius</span> <span class='ocrx_word' id='word_1_88' title='bbox 476 1481 666 1560; x_wconf 83' lang='lat' dir='ltr'>Heliogabali.</span> 
     </span>
     <span class='ocr_line' id='line_1_13' title="bbox 308 1593 642 1640; baseline 0 0"><span class='ocrx_word' id='word_1_89' title='bbox 308 1595 354 1640; x_wconf 78' lang='lat' dir='ltr'>EX</span> <span class='ocrx_word' id='word_1_90' title='bbox 372 1593 532 1640; x_wconf 74' lang='lat' dir='ltr'>induaris</span> <span class='ocrx_word' id='word_1_91' title='bbox 554 1593 642 1640; x_wconf 82' lang='lat' dir='ltr'>VITIS</span> 
     </span>
     <span class='ocr_line' id='line_1_14' title="bbox 307 1673 1365 1758; baseline -0.002 -18"><span class='ocrx_word' id='word_1_92' title='bbox 307 1673 363 1742; x_wconf 75' lang='grc'>27.</span> <span class='ocrx_word' id='word_1_93' title='bbox 387 1679 544 1754; x_wconf 82' lang='lat' dir='ltr'>Lamprld.</span> <span class='ocrx_word' id='word_1_94' title='bbox 567 1679 654 1740; x_wconf 78' lang='lat' dir='ltr'>Alea.</span> <span class='ocrx_word' id='word_1_95' title='bbox 680 1679 770 1758; x_wconf 73' lang='lat' dir='ltr'>ZI,3</span> <span class='ocrx_word' id='word_1_96' title='bbox 804 1679 965 1740; x_wconf 78' lang='lat' dir='ltr'>Praefectis</span> <span class='ocrx_word' id='word_1_97' title='bbox 993 1682 1134 1758; x_wconf 83' lang='lat' dir='ltr'>praetorii</span> <span class='ocrx_word' id='word_1_98' title='bbox 1165 1682 1227 1740; x_wconf 89' lang='lat' dir='ltr'>suis</span> <span class='ocrx_word' id='word_1_99' title='bbox 1249 1688 1365 1740; x_wconf 89' lang='lat' dir='ltr'>senato·</span> 
     </span>
     <span class='ocr_line' id='line_1_15' title="bbox 216 1775 1365 1856; baseline 0 -18"><span class='ocrx_word' id='word_1_100' title='bbox 216 1781 291 1838; x_wconf 90' lang='lat' dir='ltr'>riam</span> <span class='ocrx_word' id='word_1_101' title='bbox 315 1775 427 1838; x_wconf 87' lang='lat' dir='ltr'>addidit</span> <span class='ocrx_word' id='word_1_102' title='bbox 451 1777 642 1854; x_wconf 73' lang='lat' dir='ltr'>[Alexander</span> <span class='ocrx_word' id='word_1_103' title='bbox 668 1775 813 1854; x_wconf 81' lang='lat' dir='ltr'>Seuerus]</span> <span class='ocrx_word' id='word_1_104' title='bbox 842 1778 1028 1856; x_wconf 84' lang='lat' dir='ltr'>dignitatem,</span> <span class='ocrx_word' id='word_1_105' title='bbox 1059 1787 1094 1838; x_wconf 89' lang='lat' dir='ltr'>ut</span> <span class='ocrx_word' id='word_1_106' title='bbox 1120 1781 1178 1838; x_wconf 90' lang='lat' dir='ltr'>uiri</span> <span class='ocrx_word' id='word_1_107' title='bbox 1207 1779 1365 1838; x_wconf 83' lang='lat' dir='ltr'>clarissimi</span> 
     </span>
     <span class='ocr_line' id='line_1_16' title="bbox 178 1875 1364 1954; baseline -0.001 -20"><span class='ocrx_word' id='word_1_108' title='bbox 178 1895 201 1934; x_wconf 82' lang='lat' dir='ltr'>n</span> <span class='ocrx_word' id='word_1_109' title='bbox 216 1885 247 1936; x_wconf 89' lang='lat' dir='ltr'>et</span> <span class='ocrx_word' id='word_1_110' title='bbox 269 1883 371 1938; x_wconf 90' lang='lat' dir='ltr'>essent</span> <span class='ocrx_word' id='word_1_111' title='bbox 393 1883 424 1936; x_wconf 92' lang='lat' dir='ltr'>et</span> <span class='ocrx_word' id='word_1_112' title='bbox 447 1875 625 1936; x_wconf 74' lang='lat' dir='ltr'>dicerentur.</span> <span class='ocrx_word' id='word_1_113' title='bbox 665 1877 742 1954; x_wconf 88' lang='lat' dir='ltr'>qnod</span> <span class='ocrx_word' id='word_1_114' title='bbox 770 1884 857 1936; x_wconf 86' lang='lat' dir='ltr'>antea</span> <span class='ocrx_word' id='word_1_115' title='bbox 882 1877 933 1936; x_wconf 86' lang='lat' dir='ltr'>uel</span> <span class='ocrx_word' id='word_1_116' title='bbox 955 1895 1022 1936; x_wconf 90' lang='lat' dir='ltr'>raro</span> <span class='ocrx_word' id='word_1_117' title='bbox 1051 1877 1148 1936; x_wconf 89' lang='lat' dir='ltr'>fuerat</span> <span class='ocrx_word' id='word_1_118' title='bbox 1170 1877 1221 1936; x_wconf 87' lang='lat' dir='ltr'>uel</span> <span class='ocrx_word' id='word_1_119' title='bbox 1243 1877 1364 1936; x_wconf 89' lang='lat' dir='ltr'>omuino</span> 
     </span>
     <span class='ocr_line' id='line_1_17' title="bbox 217 1973 1365 2054; baseline 0 -20"><span class='ocrx_word' id='word_1_120' title='bbox 217 1975 229 2052; x_wconf 71' lang='lat' dir='ltr'>l</span> <span class='ocrx_word' id='word_1_121' title='bbox 232 1975 303 2052; x_wconf 85' lang='lat' dir='ltr'>non]</span> <span class='ocrx_word' id='word_1_122' title='bbox 329 1973 379 2036; x_wconf 91' lang='lat' dir='ltr'>diu</span> <span class='ocrx_word' id='word_1_123' title='bbox 405 1993 463 2034; x_wconf 91' lang='lat' dir='ltr'>non</span> <span class='ocrx_word' id='word_1_124' title='bbox 494 1975 601 2052; x_wconf 90' lang='lat' dir='ltr'>fuerat,</span> <span class='ocrx_word' id='word_1_125' title='bbox 632 1993 667 2034; x_wconf 91' lang='lat' dir='ltr'>en</span> <span class='ocrx_word' id='word_1_126' title='bbox 694 1993 790 2052; x_wconf 88' lang='lat' dir='ltr'>usque</span> <span class='ocrx_word' id='word_1_127' title='bbox 813 1982 847 2034; x_wconf 92' lang='lat' dir='ltr'>ut</span> <span class='ocrx_word' id='word_1_128' title='bbox 870 1977 895 2034; x_wconf 92' lang='lat' dir='ltr'>si</span> <span class='ocrx_word' id='word_1_129' title='bbox 920 1979 986 2054; x_wconf 89' lang='lat' dir='ltr'>quis</span> <span class='ocrx_word' id='word_1_130' title='bbox 1007 1977 1224 2054; x_wconf 88' lang='lat' dir='ltr'>imperatorum</span> <span class='ocrx_word' id='word_1_131' title='bbox 1246 1995 1365 2034; x_wconf 86' lang='lat' dir='ltr'>succes·</span> 
     </span>
     <span class='ocr_line' id='line_1_18' title="bbox 216 2071 1364 2152; baseline 0 -20"><span class='ocrx_word' id='word_1_132' title='bbox 216 2093 315 2132; x_wconf 91' lang='lat' dir='ltr'>sorem</span> <span class='ocrx_word' id='word_1_133' title='bbox 337 2073 487 2151; x_wconf 85' lang='lat' dir='ltr'>praefecto</span> <span class='ocrx_word' id='word_1_134' title='bbox 510 2075 650 2150; x_wconf 87' lang='lat' dir='ltr'>praetorii</span> <span class='ocrx_word' id='word_1_135' title='bbox 677 2071 745 2132; x_wconf 89' lang='lat' dir='ltr'>dare</span> <span class='ocrx_word' id='word_1_136' title='bbox 769 2071 869 2152; x_wconf 89' lang='lat' dir='ltr'>uellet,</span> <span class='ocrx_word' id='word_1_137' title='bbox 887 2073 1065 2134; x_wconf 90' lang='lat' dir='ltr'>laticlauiam</span> <span class='ocrx_word' id='word_1_138' title='bbox 1086 2073 1183 2132; x_wconf 88' lang='lat' dir='ltr'>eidem</span> <span class='ocrx_word' id='word_1_139' title='bbox 1201 2093 1256 2152; x_wconf 90' lang='lat' dir='ltr'>per</span> <span class='ocrx_word' id='word_1_140' title='bbox 1275 2073 1364 2132; x_wconf 90' lang='lat' dir='ltr'>liber·</span> 
     </span>
     <span class='ocr_line' id='line_1_19' title="bbox 215 2171 1297 2250; baseline 0.001 -20"><span class='ocrx_word' id='word_1_141' title='bbox 215 2179 277 2232; x_wconf 91' lang='lat' dir='ltr'>tum</span> <span class='ocrx_word' id='word_1_142' title='bbox 304 2173 508 2250; x_wconf 81' lang='lat' dir='ltr'>summitteret,</span> <span class='ocrx_word' id='word_1_143' title='bbox 533 2173 621 2232; x_wconf 86' lang='lat' dir='ltr'>utin</span> <span class='ocrx_word' id='word_1_144' title='bbox 643 2171 805 2232; x_wconf 90' lang='lat' dir='ltr'>multorum</span> <span class='ocrx_word' id='word_1_145' title='bbox 828 2175 890 2232; x_wconf 90' lang='lat' dir='ltr'>uita</span> <span class='ocrx_word' id='word_1_146' title='bbox 915 2171 1024 2232; x_wconf 83' lang='lat' dir='ltr'>ilarius</span> <span class='ocrx_word' id='word_1_147' title='bbox 1047 2171 1190 2232; x_wconf 86' lang='lat' dir='ltr'>blaximus</span> <span class='ocrx_word' id='word_1_148' title='bbox 1215 2173 1297 2232; x_wconf 85' lang='lat' dir='ltr'>dixit.</span> 
     </span>
    </p>
   </div>
   <div class='ocr_carea' id='block_1_3' title="bbox 349 2457 1232 2533">
    <p class='ocr_par' dir='ltr' id='par_1_3' title="bbox 349 2457 1232 2533">
     <span class='ocr_line' id='line_1_20' title="bbox 349 2457 1232 2533; baseline 0.002 -4"><span class='ocrx_word' id='word_1_149' title='bbox 349 2457 571 2531; x_wconf 73' lang='lat' dir='ltr'>nuenarii</span> <span class='ocrx_word' id='word_1_150' title='bbox 601 2457 716 2531; x_wconf 78' lang='lat' dir='ltr'>rina</span> <span class='ocrx_word' id='word_1_151' title='bbox 745 2457 1028 2531; x_wconf 78' lang='lat' dir='ltr'>nnnxannal</span> <span class='ocrx_word' id='word_1_152' title='bbox 1056 2459 1232 2533; x_wconf 82' lang='lat' dir='ltr'>SEVERI</span> 
     </span>
    </p>
   </div>
   <div class='ocr_carea' id='block_1_4' title="bbox 177 2634 1364 3211">
    <p class='ocr_par' dir='ltr' id='par_1_4' title="bbox 177 2634 1364 3211">
     <span class='ocr_line' id='line_1_21' title="bbox 307 2634 1364 2719; baseline 0.002 -20"><span class='ocrx_word' id='word_1_153' title='bbox 307 2634 363 2701; x_wconf 64' lang='lat'>1²¹².</span> <span class='ocrx_word' id='word_1_154' title='bbox 387 2640 508 2715; x_wconf 81' lang='lat' dir='ltr'>Lampr.</span> <span class='ocrx_word' id='word_1_155' title='bbox 524 2640 612 2699; x_wconf 74' lang='lat' dir='ltr'>Alea.</span> <span class='ocrx_word' id='word_1_156' title='bbox 632 2638 717 2713; x_wconf 82' lang='grc'>17,1</span> <span class='ocrx_word' id='word_1_157' title='bbox 749 2636 908 2697; x_wconf 76' lang='lat' dir='ltr'>Referebat</span> <span class='ocrx_word' id='word_1_158' title='bbox 930 2638 1091 2719; x_wconf 83' lang='lat' dir='ltr'>Encolpius</span> <span class='ocrx_word' id='word_1_159' title='bbox 1110 2675 1152 2681; x_wconf 81' lang='lat'>—</span> <span class='ocrx_word' id='word_1_160' title='bbox 1171 2640 1254 2699; x_wconf 92' lang='lat' dir='ltr'>illum</span> <span class='ocrx_word' id='word_1_161' title='bbox 1281 2640 1364 2717; x_wconf 74' lang='lat' dir='ltr'>[Ale-</span> 
     </span>
     <span class='ocr_line' id='line_1_22' title="bbox 177 2736 1363 2817; baseline 0 -17"><span class='ocrx_word' id='word_1_162' title='bbox 177 2736 393 2815; x_wconf 73' lang='lat' dir='ltr'>aaacnnclrarnl,</span> <span class='ocrx_word' id='word_1_163' title='bbox 420 2740 445 2797; x_wconf 92' lang='lat' dir='ltr'>si</span> <span class='ocrx_word' id='word_1_164' title='bbox 467 2754 609 2815; x_wconf 89' lang='lat' dir='ltr'>umquam</span> <span class='ocrx_word' id='word_1_165' title='bbox 632 2736 729 2795; x_wconf 89' lang='lat' dir='ltr'>furem</span> <span class='ocrx_word' id='word_1_166' title='bbox 752 2736 880 2797; x_wconf 89' lang='lat' dir='ltr'>iudicem</span> <span class='ocrx_word' id='word_1_167' title='bbox 906 2736 1040 2809; x_wconf 81' lang='lat' dir='ltr'>uidisset,</span> <span class='ocrx_word' id='word_1_168' title='bbox 1062 2746 1197 2817; x_wconf 88' lang='lat' dir='ltr'>paratum</span> <span class='ocrx_word' id='word_1_169' title='bbox 1224 2738 1363 2800; x_wconf 89' lang='lat' dir='ltr'>babuisse</span> 
     </span>
     <span class='ocr_line' id='line_1_23' title="bbox 216 2836 1363 2918; baseline 0 -21"><span class='ocrx_word' id='word_1_170' title='bbox 216 2838 349 2915; x_wconf 80' lang='lat' dir='ltr'>digitum,</span> <span class='ocrx_word' id='word_1_171' title='bbox 369 2844 400 2895; x_wconf 92' lang='lat' dir='ltr'>nt</span> <span class='ocrx_word' id='word_1_172' title='bbox 421 2836 462 2895; x_wconf 92' lang='lat' dir='ltr'>illi</span> <span class='ocrx_word' id='word_1_173' title='bbox 483 2836 600 2895; x_wconf 87' lang='lat' dir='ltr'>oculum</span> <span class='ocrx_word' id='word_1_174' title='bbox 621 2842 750 2895; x_wconf 88' lang='lat' dir='ltr'>erueret:</span> <span class='ocrx_word' id='word_1_175' title='bbox 769 2842 884 2895; x_wconf 87' lang='lat' dir='ltr'>tantum</span> <span class='ocrx_word' id='word_1_176' title='bbox 904 2836 1004 2895; x_wconf 91' lang='lat' dir='ltr'>odium</span> <span class='ocrx_word' id='word_1_177' title='bbox 1024 2856 1093 2897; x_wconf 91' lang='lat' dir='ltr'>eum</span> <span class='ocrx_word' id='word_1_178' title='bbox 1111 2837 1232 2897; x_wconf 87' lang='lat' dir='ltr'>tenebat</span> <span class='ocrx_word' id='word_1_179' title='bbox 1250 2856 1363 2918; x_wconf 88' lang='lat' dir='ltr'>eorum,</span> 
     </span>
     <span class='ocr_line' id='line_1_24' title="bbox 215 2933 1097 3013; baseline 0 -18"><span class='ocrx_word' id='word_1_180' title='bbox 215 2934 251 2997; x_wconf 92' lang='lat' dir='ltr'>de</span> <span class='ocrx_word' id='word_1_181' title='bbox 276 2934 383 3013; x_wconf 85' lang='lat' dir='ltr'>quibus</span> <span class='ocrx_word' id='word_1_182' title='bbox 409 2934 486 3013; x_wconf 90' lang='lat' dir='ltr'>apud</span> <span class='ocrx_word' id='word_1_183' title='bbox 510 2952 541 2993; x_wconf 91' lang='lat' dir='ltr'>se</span> <span class='ocrx_word' id='word_1_184' title='bbox 565 2934 731 3013; x_wconf 90' lang='lat' dir='ltr'>probatum,</span> <span class='ocrx_word' id='word_1_185' title='bbox 754 2933 833 3011; x_wconf 90' lang='lat' dir='ltr'>quod</span> <span class='ocrx_word' id='word_1_186' title='bbox 858 2935 938 2995; x_wconf 87' lang='lat' dir='ltr'>fures</span> <span class='ocrx_word' id='word_1_187' title='bbox 961 2934 1097 2995; x_wconf 86' lang='lat' dir='ltr'>fuissent.</span> 
     </span>
     <span class='ocr_line' id='line_1_25' title="bbox 307 3030 1364 3111; baseline 0.002 -18"><span class='ocrx_word' id='word_1_188' title='bbox 307 3030 363 3095; x_wconf 57' lang='lat'>2⁷³„</span> <span class='ocrx_word' id='word_1_189' title='bbox 387 3034 508 3109; x_wconf 78' lang='lat' dir='ltr'>chmpr.</span> <span class='ocrx_word' id='word_1_190' title='bbox 524 3034 612 3093; x_wconf 73' lang='lat' dir='ltr'>Alea.</span> <span class='ocrx_word' id='word_1_191' title='bbox 631 3032 675 3091; x_wconf 79' lang='grc'>48</span> <span class='ocrx_word' id='word_1_192' title='bbox 698 3030 771 3091; x_wconf 85' lang='lat' dir='ltr'>Cum</span> <span class='ocrx_word' id='word_1_193' title='bbox 798 3033 917 3111; x_wconf 81' lang='lat' dir='ltr'>puidam</span> <span class='ocrx_word' id='word_1_194' title='bbox 935 3032 1060 3093; x_wconf 82' lang='lat' dir='ltr'>Ouinius</span> <span class='ocrx_word' id='word_1_195' title='bbox 1079 3032 1220 3095; x_wconf 80' lang='lat' dir='ltr'>Camillus</span> <span class='ocrx_word' id='word_1_196' title='bbox 1243 3044 1364 3095; x_wconf 87' lang='lat' dir='ltr'>senator</span> 
     </span>
     <span class='ocr_line' id='line_1_26' title="bbox 214 3130 1363 3211; baseline 0.002 -18"><span class='ocrx_word' id='word_1_197' title='bbox 214 3134 351 3211; x_wconf 87' lang='lat' dir='ltr'>antiquae</span> <span class='ocrx_word' id='word_1_198' title='bbox 389 3130 516 3191; x_wconf 87' lang='lat' dir='ltr'>familiae</span> <span class='ocrx_word' id='word_1_199' title='bbox 557 3130 784 3189; x_wconf 87' lang='lat' dir='ltr'>delicatissimus</span> <span class='ocrx_word' id='word_1_200' title='bbox 816 3132 962 3191; x_wconf 82' lang='lat' dir='ltr'>rebellare</span> <span class='ocrx_word' id='word_1_201' title='bbox 994 3132 1137 3193; x_wconf 90' lang='lat' dir='ltr'>uoluisset</span> <span class='ocrx_word' id='word_1_202' title='bbox 1176 3132 1363 3211; x_wconf 78' lang='lat' dir='ltr'>tyrannidem</span> 
     </span>
    </p>
   </div>
   <div class='ocr_carea' id='block_1_5' title="bbox 210 3320 1362 4037">
    <p class='ocr_par' dir='ltr' id='par_1_5' title="bbox 213 3320 1362 3675">
     <span class='ocr_line' id='line_1_27' title="bbox 213 3320 1362 3391; baseline 0.003 -16"><span class='ocrx_word' id='word_1_203' title='bbox 213 3340 268 3391; x_wconf 90' lang='lat' dir='ltr'>quo</span> <span class='ocrx_word' id='word_1_204' title='bbox 284 3322 358 3377; x_wconf 90' lang='lat' dir='ltr'>bello</span> <span class='ocrx_word' id='word_1_205' title='bbox 374 3322 487 3389; x_wconf 87' lang='lat' dir='ltr'>quidem</span> <span class='ocrx_word' id='word_1_206' title='bbox 502 3354 534 3361; x_wconf 87' lang='lat'>—-</span> <span class='ocrx_word' id='word_1_207' title='bbox 551 3322 579 3375; x_wconf 90' lang='lat' dir='ltr'>in</span> <span class='ocrx_word' id='word_1_208' title='bbox 594 3320 682 3375; x_wconf 87' lang='lat' dir='ltr'>Marci</span> <span class='ocrx_word' id='word_1_209' title='bbox 695 3320 756 3373; x_wconf 90' lang='lat' dir='ltr'>uita</span> <span class='ocrx_word' id='word_1_210' title='bbox 771 3320 934 3387; x_wconf 83' lang='lat' dir='ltr'>plenissime</span> <span class='ocrx_word' id='word_1_211' title='bbox 948 3322 1125 3391; x_wconf 86' lang='lat' dir='ltr'>disputatum</span> <span class='ocrx_word' id='word_1_212' title='bbox 1140 3326 1190 3377; x_wconf 87' lang='lat' dir='ltr'>est.</span> <span class='ocrx_word' id='word_1_213' title='bbox 1220 3330 1293 3389; x_wconf 73' lang='lat'>10‚2</span> <span class='ocrx_word' id='word_1_214' title='bbox 1309 3324 1362 3379; x_wconf 88' lang='lat' dir='ltr'>illa</span> 
     </span>
     <span class='ocr_line' id='line_1_28' title="bbox 213 3392 1361 3465; baseline 0.004 -20"><span class='ocrx_word' id='word_1_215' title='bbox 213 3394 319 3465; x_wconf 84' lang='lat' dir='ltr'>fabula,</span> <span class='ocrx_word' id='word_1_216' title='bbox 339 3410 412 3461; x_wconf 70' lang='lat' dir='ltr'>qliae</span> <span class='ocrx_word' id='word_1_217' title='bbox 432 3394 460 3445; x_wconf 89' lang='lat' dir='ltr'>in</span> <span class='ocrx_word' id='word_1_218' title='bbox 481 3394 568 3447; x_wconf 85' lang='lat' dir='ltr'>Marci</span> <span class='ocrx_word' id='word_1_219' title='bbox 586 3394 646 3447; x_wconf 85' lang='lat' dir='ltr'>uita</span> <span class='ocrx_word' id='word_1_220' title='bbox 667 3392 759 3461; x_wconf 86' lang='lat' dir='ltr'>posita</span> <span class='ocrx_word' id='word_1_221' title='bbox 780 3395 829 3447; x_wconf 85' lang='lat' dir='ltr'>est.</span> <span class='ocrx_word' id='word_1_222' title='bbox 859 3396 918 3447; x_wconf 81' lang='lat' dir='ltr'>Aer.</span> <span class='ocrx_word' id='word_1_223' title='bbox 934 3399 959 3460; x_wconf 84' lang='lat'>5,</span> <span class='ocrx_word' id='word_1_224' title='bbox 976 3401 992 3447; x_wconf 80' lang='lat'><strong><em>5</em></strong></span> <span class='ocrx_word' id='word_1_225' title='bbox 1009 3399 1044 3447; x_wconf 88' lang='lat' dir='ltr'>ut</span> <span class='ocrx_word' id='word_1_226' title='bbox 1061 3396 1091 3447; x_wconf 84' lang='lat' dir='ltr'>et</span> <span class='ocrx_word' id='word_1_227' title='bbox 1109 3412 1160 3447; x_wconf 87' lang='lat' dir='ltr'>nos</span> <span class='ocrx_word' id='word_1_228' title='bbox 1177 3396 1234 3464; x_wconf 88' lang='lat' dir='ltr'>ipsi</span> <span class='ocrx_word' id='word_1_229' title='bbox 1251 3396 1283 3447; x_wconf 90' lang='lat' dir='ltr'>in</span> <span class='ocrx_word' id='word_1_230' title='bbox 1301 3396 1361 3450; x_wconf 87' lang='lat' dir='ltr'>eius</span> 
     </span>
     <span class='ocr_line' id='line_1_29' title="bbox 216 3466 1360 3537; baseline 0 -18"><span class='ocrx_word' id='word_1_231' title='bbox 216 3468 274 3519; x_wconf 85' lang='lat' dir='ltr'>uita</span> <span class='ocrx_word' id='word_1_232' title='bbox 292 3466 433 3535; x_wconf 87' lang='lat' dir='ltr'>persecuti</span> <span class='ocrx_word' id='word_1_233' title='bbox 450 3482 553 3519; x_wconf 85' lang='lat' dir='ltr'>sumus.</span> <span class='ocrx_word' id='word_1_234' title='bbox 588 3466 686 3519; x_wconf 77' lang='lat' dir='ltr'>Oetaea.</span> <span class='ocrx_word' id='word_1_235' title='bbox 702 3470 757 3531; x_wconf 83' lang='lat'>1,1</span> <span class='ocrx_word' id='word_1_236' title='bbox 778 3466 837 3519; x_wconf 79' lang='lat' dir='ltr'>Aet.</span> <span class='ocrx_word' id='word_1_237' title='bbox 852 3470 879 3531; x_wconf 72' lang='grc'>2,</span> <span class='ocrx_word' id='word_1_238' title='bbox 894 3470 920 3519; x_wconf 82' lang='grc'>9.</span> <span class='ocrx_word' id='word_1_239' title='bbox 951 3468 1056 3535; x_wconf 73' lang='lat' dir='ltr'>lbopcu</span> <span class='ocrx_word' id='word_1_240' title='bbox 1074 3466 1154 3519; x_wconf 79' lang='lat' dir='ltr'>stud.</span> <span class='ocrx_word' id='word_1_241' title='bbox 1170 3468 1194 3519; x_wconf 95' lang='lat' dir='ltr'>ll</span> <span class='ocrx_word' id='word_1_242' title='bbox 1213 3486 1240 3537; x_wconf 83' lang='lat' dir='ltr'>p.</span> <span class='ocrx_word' id='word_1_243' title='bbox 1254 3474 1360 3521; x_wconf 78' lang='lat'><strong>37-41</strong></span> 
     </span>
     <span class='ocr_line' id='line_1_30' title="bbox 213 3536 1362 3607; baseline 0.002 -16"><span class='ocrx_word' id='word_1_244' title='bbox 213 3538 309 3593; x_wconf 79' lang='lat' dir='ltr'>Seueri</span> <span class='ocrx_word' id='word_1_245' title='bbox 330 3538 598 3607; x_wconf 75' lang='lat' dir='ltr'>auconlopiapttau,</span> <span class='ocrx_word' id='word_1_246' title='bbox 623 3538 701 3591; x_wconf 79' lang='lat' dir='ltr'>Vullc&#39;</span> <span class='ocrx_word' id='word_1_247' title='bbox 724 3536 832 3591; x_wconf 84' lang='lat' dir='ltr'>Rivista</span> <span class='ocrx_word' id='word_1_248' title='bbox 857 3538 884 3591; x_wconf 85' lang='lat' dir='ltr'>di</span> <span class='ocrx_word' id='word_1_249' title='bbox 909 3538 996 3591; x_wconf 86' lang='lat' dir='ltr'>storia</span> <span class='ocrx_word' id='word_1_250' title='bbox 1019 3540 1075 3591; x_wconf 87' lang='lat' dir='ltr'>ant.</span> <span class='ocrx_word' id='word_1_251' title='bbox 1097 3538 1161 3591; x_wconf 84' lang='lat' dir='ltr'>Vlll</span> <span class='ocrx_word' id='word_1_252' title='bbox 1179 3545 1248 3591; x_wconf 68' lang='lat' dir='ltr'>o-8</span> <span class='ocrx_word' id='word_1_253' title='bbox 1270 3542 1362 3593; x_wconf 67' lang='lat' dir='ltr'>Mertai</span> 
     </span>
     <span class='ocr_line' id='line_1_31' title="bbox 214 3610 828 3675; baseline -0.003 -12"><span class='ocrx_word' id='word_1_254' title='bbox 214 3610 336 3665; x_wconf 74' lang='lat' dir='ltr'>Maximi</span> <span class='ocrx_word' id='word_1_255' title='bbox 355 3612 442 3663; x_wconf 81' lang='lat' dir='ltr'>cellum</span> <span class='ocrx_word' id='word_1_256' title='bbox 460 3610 562 3663; x_wconf 72' lang='lat' dir='ltr'>alaeam</span> <span class='ocrx_word' id='word_1_257' title='bbox 580 3626 634 3663; x_wconf 86' lang='lat' dir='ltr'>esse</span> <span class='ocrx_word' id='word_1_258' title='bbox 648 3612 828 3675; x_wconf 81' lang='lat' dir='ltr'>putauerunt.</span> 
     </span>
    </p>

    <p class='ocr_par' dir='ltr' id='par_1_6' title="bbox 210 3679 1362 4037">
     <span class='ocr_line' id='line_1_32' title="bbox 303 3679 1361 3749; baseline 0.001 -14"><span class='ocrx_word' id='word_1_259' title='bbox 303 3682 351 3735; x_wconf 80' lang='grc'>27.</span> <span class='ocrx_word' id='word_1_260' title='bbox 378 3680 418 3747; x_wconf 84' lang='lat' dir='ltr'>Cf.</span> <span class='ocrx_word' id='word_1_261' title='bbox 435 3680 577 3749; x_wconf 77' lang='lat' dir='ltr'>Lorrrprtcl.</span> <span class='ocrx_word' id='word_1_262' title='bbox 597 3682 694 3735; x_wconf 77' lang='lat' dir='ltr'>Comere.</span> <span class='ocrx_word' id='word_1_263' title='bbox 711 3684 769 3747; x_wconf 54' lang='lat' dir='ltr'>bl</span> <span class='ocrx_word' id='word_1_264' title='bbox 798 3679 948 3735; x_wconf 82' lang='lat' dir='ltr'>Paternum</span> <span class='ocrx_word' id='word_1_265' title='bbox 976 3684 1070 3735; x_wconf 88' lang='lat' dir='ltr'>autem</span> <span class='ocrx_word' id='word_1_266' title='bbox 1099 3684 1127 3735; x_wconf 84' lang='lat' dir='ltr'>ct</span> <span class='ocrx_word' id='word_1_267' title='bbox 1155 3682 1238 3735; x_wconf 85' lang='lat' dir='ltr'>huius</span> <span class='ocrx_word' id='word_1_268' title='bbox 1266 3684 1361 3737; x_wconf 85' lang='lat' dir='ltr'>caedis</span> 
     </span>
     <span class='ocr_line' id='line_1_33' title="bbox 213 3750 1362 3821; baseline 0 -14"><span class='ocrx_word' id='word_1_269' title='bbox 213 3756 356 3807; x_wconf 79' lang='lat' dir='ltr'>auctorem</span> <span class='ocrx_word' id='word_1_270' title='bbox 376 3756 403 3807; x_wconf 87' lang='lat' dir='ltr'>et</span> <span class='ocrx_word' id='word_1_271' title='bbox 424 3754 568 3821; x_wconf 81' lang='lat' dir='ltr'>(qnantum</span> <span class='ocrx_word' id='word_1_272' title='bbox 587 3750 748 3821; x_wconf 86' lang='lat' dir='ltr'>uidebatur)</span> <span class='ocrx_word' id='word_1_273' title='bbox 766 3756 884 3819; x_wconf 86' lang='lat' dir='ltr'>paratae</span> <span class='ocrx_word' id='word_1_274' title='bbox 903 3752 981 3807; x_wconf 83' lang='lat' dir='ltr'>necis</span> <span class='ocrx_word' id='word_1_275' title='bbox 999 3752 1144 3807; x_wconf 85' lang='lat' dir='ltr'>Commodi</span> <span class='ocrx_word' id='word_1_276' title='bbox 1169 3756 1310 3807; x_wconf 88' lang='lat' dir='ltr'>conscium</span> <span class='ocrx_word' id='word_1_277' title='bbox 1332 3758 1362 3809; x_wconf 86' lang='lat' dir='ltr'>et</span> 
     </span>
     <span class='ocr_line' id='line_1_34' title="bbox 211 3822 1361 3895; baseline 0 -16"><span class='ocrx_word' id='word_1_278' title='bbox 211 3826 439 3891; x_wconf 85' lang='lat' dir='ltr'>interuentorern,</span> <span class='ocrx_word' id='word_1_279' title='bbox 462 3840 499 3879; x_wconf 89' lang='lat' dir='ltr'>ne</span> <span class='ocrx_word' id='word_1_280' title='bbox 522 3822 679 3879; x_wconf 88' lang='lat' dir='ltr'>coniuratio</span> <span class='ocrx_word' id='word_1_281' title='bbox 700 3822 788 3877; x_wconf 86' lang='lat' dir='ltr'>latius</span> <span class='ocrx_word' id='word_1_282' title='bbox 809 3824 970 3891; x_wconf 84' lang='lat' dir='ltr'>puniretur,</span> <span class='ocrx_word' id='word_1_283' title='bbox 993 3826 1150 3895; x_wconf 82' lang='lat' dir='ltr'>instigante</span> <span class='ocrx_word' id='word_1_284' title='bbox 1173 3826 1287 3895; x_wconf 80' lang='lat' dir='ltr'>Tigidio</span> <span class='ocrx_word' id='word_1_285' title='bbox 1309 3844 1361 3895; x_wconf 83' lang='lat' dir='ltr'>per</span> 
     </span>
     <span class='ocr_line' id='line_1_35' title="bbox 210 3896 1360 3965; baseline 0.003 -16"><span class='ocrx_word' id='word_1_286' title='bbox 210 3896 264 3951; x_wconf 86' lang='lat' dir='ltr'>lati</span> <span class='ocrx_word' id='word_1_287' title='bbox 293 3896 367 3951; x_wconf 86' lang='lat' dir='ltr'>claui</span> <span class='ocrx_word' id='word_1_288' title='bbox 393 3896 526 3951; x_wconf 86' lang='lat' dir='ltr'>honorem</span> <span class='ocrx_word' id='word_1_289' title='bbox 556 3912 571 3947; x_wconf 86' lang='lat' dir='ltr'>a</span> <span class='ocrx_word' id='word_1_290' title='bbox 599 3896 794 3965; x_wconf 85' lang='lat' dir='ltr'>praefecturae</span> <span class='ocrx_word' id='word_1_291' title='bbox 820 3896 1065 3951; x_wconf 82' lang='lat' dir='ltr'>administratione</span> <span class='ocrx_word' id='word_1_292' title='bbox 1095 3898 1253 3951; x_wconf 85' lang='lat' dir='ltr'>summouit.</span> <span class='ocrx_word' id='word_1_293' title='bbox 1299 3900 1360 3952; x_wconf 78' lang='lat' dir='ltr'>Vtcl.</span> 
     </span>
     <span class='ocr_line' id='line_1_36' title="bbox 211 3968 968 4037; baseline -0.001 -14"><span class='ocrx_word' id='word_1_294' title='bbox 211 3968 373 4035; x_wconf 74' lang='lat' dir='ltr'>Hirschfeld</span> <span class='ocrx_word' id='word_1_295' title='bbox 390 3968 510 4023; x_wconf 85' lang='lat' dir='ltr'>Koiserl.</span> <span class='ocrx_word' id='word_1_296' title='bbox 528 3968 811 4037; x_wconf 79' lang='lat' dir='ltr'>Vertaaltceapsbcamt.</span> <span class='ocrx_word' id='word_1_297' title='bbox 822 3987 852 4037; x_wconf 79' lang='lat' dir='ltr'>p.</span> <span class='ocrx_word' id='word_1_298' title='bbox 867 3972 968 4037; x_wconf 71' lang='lat' dir='ltr'>416sq.</span> 
     </span>
    </p>
   </div>
   <div class='ocr_carea' id='block_1_6' title="bbox 246 4082 451 4089">
    <p class='ocr_par' dir='ltr' id='par_1_7' title="bbox 246 4082 451 4089">
     <span class='ocr_line' id='line_1_37' title="bbox 246 4082 451 4089; baseline -0.01 0"><span class='ocrx_word' id='word_1_299' title='bbox 246 4082 451 4089; x_wconf 60' lang='lat' dir='ltr'>--..-...---.....-.-ffi..-...</span> 
     </span>
    </p>
   </div>
   <div class='ocr_carea' id='block_1_7' title="bbox 303 4150 1123 4413">
    <p class='ocr_par' dir='ltr' id='par_1_8' title="bbox 303 4150 1123 4413">
     <span class='ocr_line' id='line_1_38' title="bbox 304 4150 625 4235; baseline -0.006 -20"><span class='ocrx_word' id='word_1_300' title='bbox 304 4150 361 4235; x_wconf 72' lang='lat'>26,</span> <span class='ocrx_word' id='word_1_301' title='bbox 387 4158 414 4215; x_wconf 80' lang='lat'>9.</span> <span class='ocrx_word' id='word_1_302' title='bbox 439 4156 625 4215; x_wconf 61' lang='lat' dir='ltr'>diceretur?</span> 
     </span>
     <span class='ocr_line' id='line_1_39' title="bbox 304 4238 1123 4323; baseline 0 -20"><span class='ocrx_word' id='word_1_303' title='bbox 304 4238 362 4323; x_wconf 79' lang='grc'>27,</span> <span class='ocrx_word' id='word_1_304' title='bbox 387 4248 437 4305; x_wconf 88' lang='grc'>16.</span> <span class='ocrx_word' id='word_1_305' title='bbox 460 4264 518 4305; x_wconf 85' lang='lat' dir='ltr'>non</span> <span class='ocrx_word' id='word_1_306' title='bbox 544 4246 596 4305; x_wconf 84' lang='lat' dir='ltr'>del.</span> <span class='ocrx_word' id='word_1_307' title='bbox 612 4246 775 4303; x_wconf 82' lang='lat' dir='ltr'>Mommsen</span> <span class='ocrx_word' id='word_1_308' title='bbox 866 4248 1074 4321; x_wconf 86' lang='lat' dir='ltr'>imperatorem</span> <span class='ocrx_word' id='word_1_309' title='bbox 1095 4248 1123 4304; x_wconf 92' lang='lat' dir='ltr'><strong><em>P</em></strong></span> 
     </span>
     <span class='ocr_line' id='line_1_40' title="bbox 303 4328 962 4413; baseline 0 -20"><span class='ocrx_word' id='word_1_310' title='bbox 303 4328 332 4413; x_wconf 83' lang='grc'>1,</span> <span class='ocrx_word' id='word_1_311' title='bbox 360 4338 408 4393; x_wconf 88' lang='grc'>22.</span> <span class='ocrx_word' id='word_1_312' title='bbox 435 4336 512 4409; x_wconf 86' lang='lat' dir='ltr'>apud</span> <span class='ocrx_word' id='word_1_313' title='bbox 537 4328 579 4413; x_wconf 83' lang='lat' dir='ltr'>se]</span> <span class='ocrx_word' id='word_1_314' title='bbox 600 4334 751 4393; x_wconf 86' lang='lat' dir='ltr'>habuisset</span> <span class='ocrx_word' id='word_1_315' title='bbox 771 4334 962 4393; x_wconf 81' lang='lat' dir='ltr'>Kellerbauer</span> 
     </span>
    </p>
   </div>
   <div class='ocr_carea' id='block_1_8' title="bbox 265 4442 1142 4505">
    <p class='ocr_par' dir='ltr' id='par_1_9' title="bbox 265 4442 1142 4505">
     <span class='ocr_line' id='line_1_41' title="bbox 265 4442 1142 4505; baseline -0.005 -14"><span class='ocrx_word' id='word_1_316' title='bbox 265 4452 322 4493; x_wconf 86' lang='lat' dir='ltr'>llist.</span> <span class='ocrx_word' id='word_1_317' title='bbox 337 4452 399 4491; x_wconf 85' lang='lat' dir='ltr'>Rom</span> <span class='ocrx_word' id='word_1_318' title='bbox 416 4454 454 4493; x_wconf 87' lang='lat' dir='ltr'>rel.</span> <span class='ocrx_word' id='word_1_319' title='bbox 470 4454 501 4505; x_wconf 81' lang='grc' dir='ltr'>ΙΙ,</span> <span class='ocrx_word' id='word_1_320' title='bbox 515 4454 550 4491; x_wconf 75' lang='grc' dir='ltr'>εά.</span> <span class='ocrx_word' id='word_1_321' title='bbox 565 4452 656 4493; x_wconf 87' lang='lat' dir='ltr'>Peter.</span> <span class='ocrx_word' id='word_1_322' title='bbox 1128 4442 1142 4487; x_wconf 80' lang='grc'><strong>9</strong></span> 
     </span>
    </p>
   </div>
   <div class='ocr_carea' id='block_1_9' title="bbox 0 0 1622 4950">
    <p class='ocr_par' dir='ltr' id='par_1_10' title="bbox 0 0 1622 4950">
     <span class='ocr_line' id='line_1_42' title="bbox 0 0 1622 4950; baseline 0 4"><span class='ocrx_word' id='word_1_323' title='bbox 0 0 1622 4950; x_wconf 95' lang='lat' dir='ltr'> </span> 
     </span>
    </p>
   </div>
  </div>
 </body>
</html>
