3234 4950
273 373 335 436 304
637 373 664 428 C.
680 371 833 428 LICINIVS
854 366 1041 428 avennis

361 535 416 602 16.
445 545 519 602 Plau.
539 561 569 602 3.
587 543 617 602 3.
643 537 813 608 31333368
835 539 958 602 Mullum
986 557 1080 602 LXXX
1110 539 1252 602 librarum
1279 541 1310 600 in
1339 543 1416 601 nrari

270 639 359 698 rubro
385 647 503 718 captum
526 639 657 700 Licinius
684 641 834 706 illactenus
859 639 997 718 prodidit.

361 733 416 800 13.
444 741 518 800 Pau
538 757 569 798 3.
589 743 616 800 tc.
642 741 742 800 VIIII
762 741 803 798 39
836 737 889 798 Est
918 757 1028 818 paruus
1058 737 1214 800 admodum
1245 739 1336 818 piscis
1365 737 1414 796 ad-

270 843 372 896 suetus
399 839 494 914 penis
522 837 659 896 echeneis
691 839 861 916 appellatus
906 837 962 896 hoc
988 839 1095 896 carinis
1120 835 1299 896 adhaerente
1321 855 1415 896 naues

269 935 419 996 tardius
412 955 456 996 333
490 933 650 996 3333333333
682 933 750 996 inde
780 937 899 996 nomine
931 937 1074 1015 inposito,
1110 953 1196 1016 quam
1228 935 1263 994 oh
1296 953 1415 994 calisam
1441 953 1453 992 3

271 1037 419 1094 3333333333
442 1055 498 1112 quo
502 1053 558 1114 que
577 1035 731 1094 ueneficiis
752 1035 934 1094 infamist
888 1043 999 1094 est.—
957 1035 1109 1094 —Pedes
1128 1053 1196 1092 eum
1212 1033 1322 1094 habere
1338 1033 1416 1092 arhi-

263 1185 264 1188 ,
269 1141 315 1192 333
319 1139 338 1190 3
336 1139 393 1212 333,
408 1133 506 1192 Aristo
508 1133 625 1192 t'tcles
601 1139 625 1192 3
625 1153 640 1192 3
659 1135 738 1210 posit
741 1137 930 1212 apinnarum
948 1133 1039 1193 simili
1039 1133 1149 1194 tudine.
1176 1133 1247 1206 (89)
1261 1132 1416 1192 Mucianus

270 1233 413 1292 muricem
440 1251 506 1292 3333
527 1231 662 1292 latiorem
688 1251 819 1312 purpura
841 1251 939 1310 neque
962 1251 1068 1310 aspero
1093 1249 1189 1309 333333
1213 1229 1338 1292 rotundo
1363 1249 1415 1291 333

269 1349 367 1408 neque
390 1331 420 1388 in
447 1329 568 1410 angulos
590 1329 755 1408 prodeunte
779 1336 889 1408 rostro,
919 1331 969 1390 sed
995 1331 1129 1410 simplice
1153 1331 1263 1388 concha
1288 1338 1415 1408 utroque

269 1427 359 1488 latere
387 1447 451 1488 sese
475 1427 639 1508 colligente,
664 1427 770 1508 quibus
796 1427 1018 1489 Inhaerentibus
1042 1429 1160 1508 plenam
1179 1429 1276 1488 nentis
1297 1431 1454 1488 stetissem

270 1545 376 1586 3333333
408 1535 575 1604 portantem
608 1529 726 1586 nuntios
761 1547 774 1586 a
809 1527 969 1586 Periandro
1002 1535 1035 1586 33
1067 1534 1267 1586 castrarentur
1301 1525 1416 1586 nobiles

270 1627 368 1706 pueri,
401 1625 585 1704 conchasque
622 1645 694 1706 quae
726 1627 758 1686 id
789 1627 993 1706 praestiterint
1024 1625 1103 1705 apud
1126 1625 1300 1684 Cnidiorum
1323 1625 1416 1686 Vene-

272 1743 333 1784 rem
358 1727 422 1786 coli.

363 1817 480 1886 18.Ρί
445 1827 519 1884 Ptta.
540 1841 569 1882 3
587 1825 616 1884 3.
640 1823 738 1884 VIIII
753 1825 794 1884 99
823 1821 1000 1900 Nanigeram
1021 1821 1248 1884 similitudinem
1276 1831 1307 1882 et
1295 1823 1415 1883 taliam

271 1925 300 1982 33
323 1921 502 2002 Propontide
524 1923 621 1982 uisam
645 1921 702 1982 33333
724 1920 856 2002 prodidit
844 1921 1048 1982 tllucianus:
1071 1921 1213 1982 concham
1239 1941 1305 1982 esse
1327 1923 1416 1982 acatii
1430 1939 1454 1980 15

270 2019 356 2080 modo
388 2023 557 2098 3333333333,
587 2021 694 2080 inllexa
722 2039 830 2100 puppe,
865 2039 951 2100 prora
982 2028 1116 2082 rostrata.
1162 2021 1192 2080 in
1222 2021 1299 2080 hanc
1327 2019 1417 2080 condi

270 2117 436 2198 nauplium,
460 2119 569 2180 animal
590 2121 707 2198 saepiae
733 2121 841 2198 simile,
871 2118 993 2180 ludendi
1015 2123 1155 2180 societate
1184 2117 1253 2178 sola.
1301 2119 1416 2178 duobus

270 2219 326 2278 hoc
344 2219 415 2278 33333
440 2217 607 2296 generibus.
652 2219 813 2298 tranquillo
839 2219 920 2276 eninr
947 2226 1099 2279 uectorem
1125 2216 1254 2278 dimissis
1276 2217 1416 2296 palmulis

271 2317 359 2376 ferire
389 2325 421 2378 33
452 2319 551 2394 333333,
583 2319 608 2376 33
636 2335 707 2378 uero
736 2319 823 2378 ssatus
851 2317 988 2396 innitent,
1018 2317 1137 2378 easdem
1166 2319 1197 2376 in
1225 2336 1280 2378 usu
1309 2317 1416 2396 guber·

270 2413 368 2475 naculi
387 2417 499 2497 porrigi
517 2415 665 2497 pandique
687 2417 866 2477 concharum
885 2417 966 2477 sinus
988 2435 1083 2477 aurae.
1126 2417 1214 2477 huius
1234 2415 1416 2497 uoluptatem
1430 2435 1455 2475 ao

273 2534 338 2575 3333
359 2522 395 2595 33
385 2516 506 2595 333333,
535 2514 674 2575 31333333
661 2522 792 2595 terega
822 2514 968 2595 simulque
1000 2536 1065 2577 eam
1093 2514 1310 2577 descendere
1303 2534 1332 2575 33
1358 2515 1415 2576 dno

271 2632 359 2673 33333
385 2616 522 2693 carentia,
548 2616 604 2673 3333
630 2616 704 2677 forte
676 2608 833 2697 tt(riste
806 2614 892 2675 tid
922 2616 1002 2675 enim
1025 2622 1140 2677 constat
1164 2634 1251 2675 omen
1273 2616 1415 2693 nauigan

271 2704 359 2793 33333]
386 2714 513 2791 humana
535 2712 653 2775 3333333
641 2720 687 2771 33
709 2714 741 2773 in
764 2730 852 2775 33333
877 2721 930 2773 est

363 2804 418 2871 19.
446 2814 521 2871 3333.
536 2830 566 2871 a.
580 2814 607 2873 3.
619 2814 715 2873 VIIII
726 2812 791 2871 189
815 2810 876 2873 Nec
895 2812 933 2871 de
950 2814 1050 2873 anthia
1068 2814 1149 2893 pisce
1170 2812 1264 2888 silere
1276 2814 1417 2873 conuenit

164 2920 314 2987 V131ca,
338 2928 412 2987 (puae
438 2910 593 2989 plerosque
619 2910 741 2971 33333333
764 2910 936 2971 credidisse.
983 2910 1170 2973 Chelidonias
1198 2910 1311 2972 insulas
1342 2912 1416 2973 dixi·
1431 2928 1455 2970 3

271 3026 337 3071 ntus
361 3008 455 3087 Asiae,
481 3010 629 3087 scopulosi
647 3010 738 3069 maris
758 3018 825 3069 ante
842 3006 985 3089 (Tauri)
1003 3012 1241 3089 promuntorium
1259 3012 1340 3069 33333.
1374 3010 1417 3069 333

272 3094 479 3185 3333333333
499 3108 587 3189 piscis
609 3114 638 3167 et
655 3108 793 3169 celeriter
813 3110 929 3187 capitur
945 3128 1005 3169 nnc
1028 3127 1146 3187 genere.
1181 3128 1273 3187 paruo
1300 3111 1416 3187 nauigio

269 3212 301 3281 et
334 3204 482 3267 concolori
519 3212 603 3267 33333
642 3206 803 3285 eademque
839 3206 912 3267 hora
946 3228 999 3287 per
1025 3208 1137 3289 aliquot
1167 3206 1230 3265 dies
1259 3209 1416 3267 continuos

272 3306 365 3381 piscat
367 3324 400 3363 33
436 3306 573 3381 enanigat
605 3312 686 3365 certo
723 3306 818 3385 spatio
856 3308 1012 3385 escamque
1045 3290 1160 3386 proicit.
1194 3340 1237 3347 *-
1268 3313 1333 3367 tum
1366 3306 1416 3367 ille

274 3398 326 3481 [pa
318 3408 411 3465 333333
414 3402 445 3483 3]
474 3402 593 3483 praalum
628 3402 704 3465 33333
740 3404 813 3483 digit
814 3422 844 3465 os
879 3406 908 3463 33
943 3425 1009 3465 3333
1036 3406 1182 3465 iaculatus
1207 3404 1326 3465 hamum
1358 3407 1416 3465 sin·
1432 3424 1456 3461 ac

273 3500 355 3579 gulos
397 3502 449 3579 [pt
447 3506 516 3563 ’3333
551 3520 664 3573 3333
646 3508 749 3579 333333
782 3504 961 3579 adsuefacte
1000 3502 1136 3582 33333]
1171 3504 1282 3563 inuolat.
1312 3506 1416 3563 333333

365 3748 420 3833 li,
440 3704 473 3813 9.
500 3754 644 3831 simplice]
660 3748 707 3813 19²
730 3755 861 3855 simplici
879 3748 977 3814 3333.2
1000 3758 1042 3814 333
1056 3748 1139 3814 333.1
1163 3758 1189 3813 33
1206 3760 1265 3815 cett.
1282 3758 1363 3815 codd.

275 3846 324 3903 11.
347 3844 471 3903 nuncios
493 3838 628 3903 acatal
649 3846 770 3903 nuncios
790 3836 905 3905 132333
921 3850 979 3903 cett.
996 3846 1075 3903 codd
1150 3848 1199 3903 12
1225 3846 1416 3921 quaeRoac.

272 3938 330 3993 3333
345 3936 425 3993 codd.

364 4026 419 4105 18,
448 4032 497 4089 15.
520 4032 587 4089 333
588 4052 612 4089 33
631 4034 699 4091 Par.
724 4034 824 4093 achati
841 4038 899 4091 cca.
915 4033 996 4091 codd.
1087 4036 1137 4093 13.
1159 4032 1237 4091 hanc
1255 4026 1340 4093 Par.2
1363 4036 1419 4091 hac

274 4126 332 4181 3333.
346 4074 427 4181 codd.
529 4122 578 4179 19.
601 4122 710 4181 incitet
730 4122 795 4181 ΕΡ
890 4124 941 4181 20.
962 4122 1122 4181 baccarum
1139 4116 1419 4183 Lctd.1conca1·um

274 4204 357 4269 Par.2
382 4212 537 4269 buccarum
563 4214 619 4269 3333.
637 4214 715 4271 codd.
838 4212 889 4269 22.
913 4214 1048 4272 distincti
1064 4214 1211 4287 Dctlcfsaa
1331 4216 1418 4273 trist-e

274 4302 413 4377 Maphoff
433 4302 605 4359 3333333333.
676 4302 754 4359 euim
768 4302 797 4359 ll
821 4302 912 4359 entim
933 4308 992 4361 3333.
1006 4304 1084 4361 codd.
1153 4304 1283 4361 omenR
1297 4322 1330 4363 33
1344 4322 1418 4363 com.

274 4392 354 4449 omni
370 4384 453 4449 Par.l
467 4410 516 4449 ore
530 4382 616 4449 3333.2
631 4410 713 4449 omne
729 4398 787 4449 3333.
800 4392 869 4451 333-33
939 4383 996 4469 19,
1013 4394 1065 4451 26.
1084 4392 1177 4451 Tacui
1190 4394 1275 4451 33333.
1288 4394 1418 4453 3333333.
