3234 4950
211 440 387 489 CLXXXXVI
474 436 520 489 DE
542 434 771 489 SCRIPTORVM
791 434 884 489 Viris
905 432 951 487 ΕΤ
972 432 1127 487 sentens

298 606 391 683 Atque
417 606 550 683 prioris
575 602 693 683 quidem
712 606 844 681 operis
867 604 1024 681 inscriptio
1047 609 1185 679 quattuor
1210 600 1355 677 fragmen·

209 708 247 765 tis
276 724 292 763 a
320 702 469 781 Stephano
496 702 635 781 Byzantio
666 700 700 759 ad
729 702 894 761 breuiatam
921 702 1046 759 formam
1070 696 1227 771 Χιίινίὸος
1254 698 1356 759 relatis

210 804 261 879 (fr.
280 802 379 873 im—A)
401 800 600 879 confirmatur,
624 800 675 861 sed
701 798 780 879 qnod
803 802 929 879 spatium
954 798 1035 859 mille
1057 816 1204 857 annorum
1225 796 1355 867 Quadra·

207 910 255 961 tus
286 900 319 961 ab
349 900 423 961 urbe
451 900 567 961 condita
597 898 766 977 complexus
795 900 836 957 sit
857 900 1019 975 quaeritur.
1054 916 1124 957 nam
1153 900 1177 957 si
1201 914 1295 975 usque
1320 894 1355 957 ad

207 1000 293 1059 initia
324 1000 442 1077 imperii
472 996 628 1059 Alexandri
654 998 757 1057 Seueri
787 990 827 1077 (a.
852 990 1050 1080 itaquae),
1085 996 1133 1055 hic
1164 994 1355 1055 millesimum

207 1098 292 1157 urhis
315 1116 425 1157 annum
450 1096 601 1157 celebrare
624 1098 687 1155 sine
714 1094 801 1155 dubio
821 1112 880 1155 non
902 1096 1057 1172 omisisset,
1078 1094 1163 1155 cuius
1181 1097 1227 1153 rei
1244 1096 1355 1154 mentio

207 1214 355 1275 nusquam
377 1196 453 1255 facta
478 1188 562 1277 esti)
598 1212 691 1273 neque
717 1194 790 1253 illud
812 1194 867 1253 sub
892 1194 1064 1271 Alexandro,
1089 1212 1177 1271 quem
1200 1212 1294 1271 usquc
1319 1192 1356 1253 ad
1465 1266 1469 1272 ι

207 1314 232 1355 a.
252 1290 315 1353 248
341 1296 432 1355 uitam
460 1294 674 1373 producturum
703 1310 768 1353 esse
798 1300 939 1371 speraret,
972 1293 1118 1371 incohare,
1148 1301 1211 1353 tum
1233 1300 1355 1371 propter

208 1392 346 1453 acerbam
379 1394 442 1451 eins
478 1400 603 1451 mortem
631 1392 685 1451 sub
715 1390 860 1469 Philippis
888 1392 1042 1451 absoluere
1068 1394 1178 1469 potuit:
1207 1393 1246 1451 ita
1276 1393 1355 1451 enim

207 1494 298 1551 etiam
320 1508 368 1551 res
392 1488 428 1551 ab
448 1490 496 1551 his
516 1498 614 1569 gestae
633 1492 664 1551 ei
681 1488 895 1549 describendae
913 1488 1041 1551 fuerunt.
1078 1490 1134 1549 hoc
1152 1510 1244 1551 uuum
1263 1492 1355 1569 igitur

208 1590 400 1669 relinquitur,
429 1596 460 1649 ut
492 1608 665 1649 censeamus
687 1584 883 1667 Quadratum,
913 1608 981 1648 cum
1011 1586 1064 1649 sub
1093 1588 1274 1667 Alexandro,
1302 1590 1354 1667 qni

207 1706 317 1747 annum
352 1694 489 1767 quartum
523 1686 670 1749 decimum
702 1704 793 1765 agens
824 1704 950 1765 regnum
983 1686 1106 1767 adeptus
1133 1693 1211 1767 erat,
1239 1688 1355 1749 fautore

207 1786 385 1863 scriptorum
417 1786 654 1865 litterarumque,
681 1784 872 1845 millesimum
900 1784 985 1845 urbis
1011 1804 1121 1845 anuum
1155 1806 1186 1845 se
1219 1788 1355 1847 uisurum

207 1902 273 1945 esse
294 1902 347 1963 pro
367 1890 446 1945 certo
467 1884 599 1965 haberet,
618 1882 690 1945 illud
711 1902 784 1963 opus
803 1891 962 1963 praecepto
981 1902 1040 1943 uno
1058 1884 1120 1944 iere
1140 1903 1217 1945 anno
1239 1884 1354 1945 iamed

206 1984 298 2043 finem
325 1984 508 2061 perduxisse,
538 1992 600 2043 tum
627 2000 709 2061 uem,
740 2002 806 2043 cum
835 1985 894 2043 iam
921 1984 953 2042 iu
982 2000 1016 2042 co
1044 1990 1130 2060 esset,
1160 1992 1192 2045 ut
1218 1982 1267 2043 ille
1291 1982 1355 2045 dies

207 2082 301 2141 lestus
333 2082 549 2163 celebraretur,
585 2080 784 2141 Alexandrum
820 2080 919 2141 subita
953 2089 1049 2141 morte
1082 2082 1230 2143 interisse.
1274 2084 1355 2163 atqui

207 2178 310 2239 Castor
332 2178 455 2241 Romam
482 2196 547 2241 esse
565 2198 589 2239 a.
612 2176 1008 2241 antecrescentem
1034 2196 1100 2241 esse
1122 2188 1355 2259 computauerat,

207 2298 299 2357 (luem
331 2278 409 2357 apud
442 2276 568 2337 Graecos
605 2280 690 2337 ctiam
725 2286 787 2339 turn
815 2272 915 2361 (uelut
941 2276 1019 2357 apud
1047 2274 1225 2363 Eusebium)
1246 2298 1355 2357 magna

207 2378 380 2437 auctoritate
411 2376 547 2439 floruisse
576 2384 698 2455 constat,
729 2386 760 2437 ut
786 2394 878 2435 annus
903 2372 968 2437 236
990 2394 1019 2455 p.
1041 2374 1108 2439 Chr.
1125 2376 1211 2439 urbis
1233 2378 1355 2439 millesi-

206 2493 271 2536 mus
303 2495 367 2536 esse
396 2479 439 2536 eis
469 2475 630 2536 uideretur.
669 2475 873 2554 Philipporum
901 2483 999 2536 autem
1027 2479 1154 2536 maxime
1181 2479 1354 2538 interfuisse

207 2575 306 2634 oruuia
336 2575 462 2652 uestigia
495 2575 561 2634 talis
594 2581 750 2658 apparatus
781 2575 878 2633 delere
906 2591 961 2652 per
988 2593 1020 2634 se
1053 2575 1160 2636 elucet
1195 2579 1239 2636 sic
1257 2575 1355 2638 Vossii

150 2733 151 2736 ,
207 2675 298 2746 (Ht'st.
316 2691 364 2748 pr.
377 2693 411 2750 p.
428 2673 493 2734 286
511 2675 613 2748 West.)
633 2671 775 2734 dubitatio
797 2671 832 2733 de
853 2671 959 2734 Suidae
980 2677 1153 2734 auctoritate
1173 2682 1354 2734 remouetur.

296 2771 418 2850 Euagrii
448 2771 546 2832 tontes
577 2789 678 2830 rerum
710 2769 908 2830 Romanamm
942 2771 1154 2850 perlustrantis
1185 2791 1223 2832 eo
1257 2775 1355 2852 capite

205 2869 410 2930 testimonium
438 2869 475 2928 ad
497 2869 633 2930 Parthica
657 2871 751 2930 Asinii
777 2869 920 2940 Quadrati
944 2873 1076 2950 pertinet
1104 2879 1132 2932 et
1161 2891 1177 2932 a
1204 2869 1354 2950 Stephano

206 2967 344 3046 Byzantio
369 2967 469 3028 multis
493 2967 565 3028 locis
590 2977 620 3028 et
643 2987 659 3028 a
684 2967 846 3048 Capitolino
869 2971 967 3028 citata.
1002 2987 1070 3028 nam
1096 2969 1175 3048 quod
1191 2969 1354 3030 Eusebium

206 3085 256 3126 res
276 3067 312 3126 ah
330 3063 502 3144 Octauiano,
516 3067 652 3144 Traiano7
669 3067 764 3126 hlarco
785 3085 879 3146 usque
900 3067 935 3128 ad
954 3067 1023 3127 Cari
1041 3074 1169 3128 mortem
1187 3067 1354 3146 deduxisse,

205 3171 267 3224 tum
300 3163 334 3224 de
363 3165 408 3224 his
437 3163 620 3244 temporibus
643 3165 788 3244 quaedam
816 3165 853 3226 ab
874 3165 999 3226 Arriano
1029 3174 1058 3226 et
1080 3166 1181 3226 Asinio
1205 3165 1354 3238 Quadrato

207 3265 317 3342 scripta
341 3283 406 3322 esse
431 3265 530 3342 refert,
556 3265 621 3326 illos
644 3271 678 3324 ut
700 3265 881 3324 clarissimos
904 3263 1080 3324 Parthorum
1104 3265 1236 3324 uictores
1257 3269 1354 3326 nomi·

166 3357 168 3362 ’
206 3363 299 3442 cauit,
321 3363 479 3422 Arrianum
507 3371 607 3424 autem
633 3361 709 3422 bella
735 3383 750 3424 a
772 3361 899 3422 Traiano
924 3381 992 3422 cum
1012 3361 1130 3424 Parthis
1159 3371 1241 3442 gesta
1263 3363 1355 3424 tradi-

299 3551 322 3612 1)
342 3541 370 3596 O.
390 3543 508 3596 Mueller
531 3545 573 3598 Pr.
590 3545 624 3598 H.
639 3543 671 3598 G.
687 3543 725 3598 lii
747 3563 772 3614 p.
793 3550 843 3598 659
870 3543 1052 3599 millesimum
1077 3545 1157 3599 urbis
1184 3561 1288 3598 annum
1316 3548 1354 3600 ab

205 3623 297 3676 initiis
312 3623 464 3676 Alexandri
479 3625 559 3694 regni
572 3627 706 3694 reputans
723 3641 796 3678 anno
812 3631 863 3678 776
876 3625 977 3678 urbem
990 3625 1133 3680 conditam
1149 3643 1210 3680 esse
1226 3625 1355 3680 Asinium

207 3703 328 3758 uoluisse
359 3703 507 3776 conclusit,
536 3705 610 3760 unde
635 3709 787 3772 postquam
816 3703 847 3758 G.
876 3703 948 3758 Treu
974 3703 1089 3760 titulum
1113 3705 1291 3776 Olympicum
1308 3705 1358 3778 (Ἡ

202 3781 354 3854 Ὀλυμπικὴ
375 3785 458 3856 βουλὴ
480 3785 526 3838 καὶ
547 3785 560 3840 ὁ
579 3787 669 3856 δῆμος
686 3793 741 3840 τῶν
756 3783 872 3839 Ἠλείων
891 3783 1006 3856 Ποίων]
1020 3783 1139 3842 Ἀσίνιον
1159 3789 1355 3856 Κουαδρᾶτον,

206 3865 383 3932 ἀνθύπατον,
402 3865 510 3920 ὕπατον
529 3863 775 3936 ἀποδεδειγμένον,
795 3865 962 3936 respicerem
981 3867 1033 3936 τὴν
1044 3865 1195 3938 Ὀλυμπίαν
1214 3870 1262 3922 καὶ
1281 3868 1353 3944 λόγῳ

207 3945 256 3998 καὶ
284 3943 352 4018 ἔργῳ
381 3945 578 4018 Dittenherger
597 3949 611 4000 1
630 3963 656 4014 p.
675 3953 724 4000 aaa
744 3967 769 4000 u.
786 3952 850 4018 417)
877 3949 915 4000 ad
940 3948 1015 4000 hunc
1044 3949 1206 4018 scriptorem
1234 3949 1354 4015 rettulit,

207 4041 270 4078 eum
291 4041 308 4078 a
326 4029 425 4080 senatu
441 4025 585 4096 Olympico
606 4027 764 4096 populoque
780 4027 849 4082 Eleo
868 4031 962 4084 statue
982 4033 1112 4084 ornatum
1129 4045 1197 4098 esse,
1218 4031 1294 4098 quod
1313 4031 1354 4084 ‘in

207 4105 348 4174 prooemio
375 4107 406 4160 de
432 4105 502 4160 mira
525 4107 583 4174 illa,
610 4123 682 4176 quae
699 4105 773 4162 inter
798 4106 920 4178 origines
937 4107 1014 4162 urhis
1035 4115 1063 4166 et
1079 4111 1209 4162 ludorum
1230 4111 1355 4180 Olympi-

207 4203 303 4240 corum
326 4187 511 4240 intercederet
534 4187 669 4258 temporis
692 4189 802 4242 ratione
820 4189 909 4244 uerba
927 4189 1061 4258 fecisset'‚
1080 4191 1281 4262 Dittenberger
1298 4191 1316 4244 l.
1332 4213 1354 4246 s.

207 4267 348 4338 sagaciter
372 4269 529 4336 suspicatus
555 4269 597 4320 est
620 4285 709 4336 neque
734 4273 828 4324 tamen
851 4270 922 4324 milri
938 4271 1087 4340 persuasit.
1120 4275 1244 4326 ceterum
1260 4289 1355 4324 rernm

207 4347 373 4416 scriptorem
386 4349 600 4416 proconsulatus
616 4351 700 4418 atque
714 4351 878 4405 consulatus
889 4351 1044 4409 honoribus
1061 4351 1190 4406 functum
1209 4369 1269 4406 esse
1288 4351 1355 4408 Dio-

206 4427 251 4482 uis
270 4431 299 4480 et
318 4427 399 4480 Marii
420 4429 536 4504 Maximi
558 4429 690 4498 exemplis
708 4431 768 4486 ueri
792 4433 882 4486 simile
900 4435 939 4486 fit.
