3234 4950
578 360 622 415 DE
645 360 766 415 GENTE
785 358 916 414 POPVLI
935 360 1082 415 Romam
1371 364 1409 427 15

258 528 347 589 rlabal
374 532 406 589 in
435 548 538 591 earum
567 538 716 589 terrarum
738 527 884 607 partibus,
907 528 959 589 uhi
981 532 1110 589 maxime
1136 532 1247 589 lactum
1271 540 1326 589 est.
1355 532 1411 589 hoe

258 634 356 689 autern
387 628 532 687 diluuium
561 646 747 707 nequaquam
777 628 815 685 ad
841 628 1007 705 Aegyptum
1035 636 1123 707 atquc
1152 628 1189 689 ad
1218 630 1283 687 eins
1313 632 1412 689 uicina

258 728 405 805 peruenit.

364 820 482 889 Auyusl,
504 820 536 871 rie
554 822 607 873 eiu.
624 820 650 873 d.
666 818 698 871 X
704 820 817 873 urile
840 816 959 883 Quando
981 834 1049 888 ergo
1077 821 1160 871 natus
1190 820 1230 871 est
1260 819 1410 883 Abraham,
1480 830 1485 840 ·

231 920 241 959 5
294 898 409 951 secandi
432 914 514 967 reges
538 900 618 951 erant
648 902 716 967 aput
738 898 868 965 Assyrios
893 898 996 966 Ninus,
1026 900 1094 967 aput
1118 898 1265 965 Sicyonios
1289 898 1410 967 Europs3

292 978 377 1047 primi
401 982 494 1033 autern
516 978 574 1031 illic
594 976 685 1045 Belus,
706 976 751 1031 hic
772 977 922 1047 Aegialsus
942 978 1118 1031 1111111111-
1139 976 1332 1046 Sicyoniorum
1348 996 1411 1049 reg-

292 1076 359 1111 num
375 1060 442 1111 tune
459 1060 635 1129 [temporibus
649 1060 703 1125 ulii
717 1058 800 1129 Nini]
816 1059 933 1111 tenebat
948 1057 1074 1112 Telxion.
1099 1074 1155 1127 quo
1170 1060 1410 1127 regnantemque

293 1138 362 1193 aden
388 1138 428 1191 ibi
453 1138 535 1193 mitia
558 1142 587 1191 11
609 1138 686 1193 laeta
710 1140 838 1207 tempora
858 1138 986 1205 fuerunt,
1007 1140 1038 1191 ut
1057 1156 1122 1191 enm
1146 1138 1312 1193 defunctum
1332 1140 1411 1193 uelut

292 1220 376 1273 deam
401 1218 524 1273 colerent
551 1218 733 1273 sacrificando
762 1222 789 1273 11
815 1218 898 1272 ludos
921 1217 1103 1285 celebrando,
1130 1234 1200 1287 quos
1222 1222 1253 1272 11
1278 1220 1409 1288 primitus

107 1346 109 1365 ,
219 1324 241 1361 10
291 1298 436 1351 institutos
454 1300 553 1351 ferunt.
585 1316 603 1351 e.
621 1304 646 1353 3.
662 1330 695 1339 -
712 1298 856 1351 Abraham
871 1330 905 1338 ——
920 1298 1071 1351 defunctus
1086 1301 1130 1351 est
1143 1300 1328 1369 regnantibus
1341 1303 1411 1369 aput

292 1380 420 1447 Assyrios
439 1380 527 1433 Xerse
544 1378 595 1433 1110
614 1378 774 1445 antiquiore
791 1410 826 1417 -
845 1380 874 1431 et
900 1382 970 1447 aput
993 1378 1139 1447 Sicyonios
1157 1378 1306 1447 Thuriaco,
1326 1398 1409 1447 quem

291 1460 408 1525 quidam
422 1460 635 1531 [Hieronymus]
651 1458 870 1513 Therimachum
886 1460 1021 1526 scribunt,
1040 1460 1167 1529 septimis
1183 1462 1304 1529 regibus.
1335 1462 1407 1531 Reg-

291 1558 358 1591 num
377 1542 472 1593 antem
491 1540 661 1609 Argiuorum
681 1540 764 1593 simul
784 1556 848 1591 eum
866 1540 997 1593 Abrahae
1016 1540 1166 1609 nepotibus
1187 1543 1279 1595 ortum
1293 1544 1344 1606 est,
1360 1542 1409 1595 ubi

290 1620 398 1689 primus
416 1622 548 1691 regnauit
566 1622 697 1675 Inachus.

218 1732 239 1771 n
348 1702 427 1769 lli.
455 1708 637 1783 stupescis
656 1712 715 1769 eiu.
730 1710 759 1767 u.
774 1708 808 1767 X
814 1708 931 1767 Vsus
956 1708 1031 1767 Sane
1056 1708 1136 1787 quod
1157 1708 1408 1785 praetereundum

256 1824 314 1865 non
340 1808 404 1885 luit,
427 1810 518 1867 eliam
540 1814 610 1885 apul
636 1806 806 1885 sepulcrum
832 1810 953 1885 septimi
975 1810 1024 1867 sni
1047 1810 1127 1883 regis
1150 1806 1292 1867 Thur-iaci
1317 1811 1407 1867 sacri-

159 1940 160 1943 =
255 1906 345 1965 linare
369 1904 525 1983 Sicyonios
548 1906 646 1963 solere
668 1906 760 1965 Varro
784 1906 950 1965 111111.ψ

360 1996 412 2049 Η11
435 1996 607 2065 temporibus
634 1996 751 2051 Graecia
776 1996 828 2048 sub
851 1997 997 2051 Phoroneo
1017 1995 1149 2065 Argolico
1171 2014 1238 2065 rege
1263 1997 1356 2065 legum
1381 2002 1408 2053 et

291 2076 460 2131 iudiciorum
482 2076 653 2145 quibusdam
677 2076 778 2131 clarior
800 2076 880 2131 facta
903 2080 947 2131 est
968 2076 1116 2131 institutis.
1159 2076 1289 2145 Phegous
1313 2082 1409 2131 tamen

217 2180 240 2217 20
290 2156 378 2211 frater
396 2158 478 2213 liuius
498 2158 638 2211 Phoronei
661 2158 755 2211 iunior
774 2176 838 2211 cum
856 2162 931 2213 esset
955 2163 1094 2225 mortuus,
1113 2158 1229 2211 adeius
1251 2158 1408 2227 sepulcrum

289 2238 426 2307 templum
452 2242 493 2293 est
515 2238 711 2305 constitutum,
730 2242 759 2291 in
783 2254 839 2305 quo
857 2240 996 2293 coleretur
1014 2240 1046 2291 ut
1071 2239 1139 2291 deus
1162 2242 1193 2291 11
1211 2238 1237 2291 11
1252 2240 1338 2293 boues
1356 2238 1408 2293 im-

290 2320 469 2375 molarentur.
500 2318 589 2373 Credo
607 2320 713 2371 honere
732 2320 814 2371 tanto
829 2318 894 2373 ideo
909 2320 1028 2389 dignum
1039 2321 1187 2388 putarunt,
1202 2320 1269 2387 quia
1282 2320 1314 2371 in
1327 2320 1407 2389 regni

291 2400 336 2453 sui
353 2402 433 2469 parte
455 2402 544 2469 (pater
564 2398 667 2469 quippe
687 2400 749 2453 loca
770 2400 906 2454 ambobus
926 2401 1124 2467 distribuerat,
1143 2400 1172 2452 in
1193 2398 1293 2467 quibus
1314 2416 1346 2453 eo
1364 2401 1407 2453 ui·

291 2483 374 2534 uente
396 2483 563 2552 regnarent)
588 2481 642 2534 iste
666 2481 771 2534 sacella
792 2483 979 2534 constituerat
1003 2481 1039 2534 ad
1064 2481 1196 2534 colendos
1219 2481 1286 2534 deos
1311 2483 1338 2534 11
1359 2481 1408 2534 do·

291 2565 388 2616 0111111
407 2561 549 2616 obseruari
570 2565 697 2632 tempora
715 2579 766 2630 per
783 2579 895 2617 menses
913 2566 1001 2630 atque
1020 2579 1115 2629 annos,
1136 2562 1205 2630 qnid
1222 2577 1320 2615 eornm
1338 2579 1407 2628 qua-

289 2645 371 2696 tenus
392 2645 557 2696 metirentur
578 2645 661 2712 atque
680 2646 868 2696 numerarent.
889 2645 959 2696 haec
976 2643 1009 2696 in
1026 2658 1059 2696 eo
1078 2659 1153 2696 noua
1170 2643 1306 2696 mirantes
1325 2643 1407 2696 rudes

291 2725 383 2778 adhuc
402 2723 529 2778 homines
548 2725 639 2778 morte
657 2723 735 2776 obita
756 2723 840 2776 deum
858 2741 919 2778 esse
938 2723 1045 2776 facturn
1068 2724 1127 2776 siue
1143 2722 1253 2792 opinati
1268 2725 1333 2776 sunt
1346 2723 1407 2776 siue

290 2805 448 2860 uoluerunt.
477 2821 543 2858 nam
558 2807 588 2858 11
600 2803 631 2858 10
650 2803 709 2858 lilia
726 2803 827 2858 Inachi
843 2803 931 2858 fuisse
951 2803 1123 2874 perhibetur,
1143 2819 1216 2870 quae
1233 2807 1335 2872 postea
1351 2803 1405 2856 lsis

291 2885 436 2954 appellata
456 2887 486 2938 ut
504 2901 607 2954 magna
629 2885 680 2938 dea
702 2885 777 2938 culta
795 2886 840 2936 est
857 2885 890 2938 in
907 2886 1050 2954 Aegypto3
1071 2885 1203 2952 quamuis
1215 2883 1268 2936 alii
1281 2884 1406 2936 scribant

291 2981 352 3020 eam
367 2981 402 3018 ex
411 2963 562 3034 Aethiopia
578 2965 605 3018 in
617 2965 779 3034 Aegyptum
792 2965 905 3020 uenisse
918 2964 1055 3034 reginam,
1071 2967 1099 3018 11
1113 2965 1189 3032 quod
1204 2965 1263 3016 late
1275 2963 1406 3032 iusteque

289 3047 484 3116 imperauerit,
506 3047 601 3114 eisque
620 3045 711 3098 multa
729 3045 878 3098 commoda
897 3047 924 3098 et
943 3045 1054 3098 litteras
1074 3045 1241 3110 instituerit,
1264 3047 1340 3098 hunc
1356 3047 1407 3098 ho·

289 3143 387 3180 uorem
412 3125 456 3178 illi
479 3127 608 3180 habiturn
633 3143 693 3180 esse
717 3125 858 3193 diuinum,
882 3130 1070 3194 posteaquam
1092 3125 1135 3178 ibi
1155 3128 1268 3180 mortua
1295 3127 1351 3192 est,
1380 3130 1407 3178 11

290 3209 403 3260 tantum
423 3207 572 3274 honorem,
596 3209 628 3260 ub
648 3207 765 3276 capitali
783 3205 900 3260 crimine
917 3223 981 3260 reus
1002 3207 1093 3271 fieret,
1113 3207 1219 3273 siquis
1239 3221 1301 3260 eam
1320 3205 1406 3260 fuisse

291 3287 432 3344 hominem
454 3287 565 3342 diceret.

345 3449 394 3504 10.
414 3449 475 3504 Hoc
492 3451 529 3518 fr.
544 3451 692 3504 continuet
710 3449 745 3516 fr,
763 3453 797 3502 71³.
816 3481 849 3488 —-
864 3467 899 3502 eo
916 3449 1040 3518 quod-
1056 3447 1189 3518 peruenit
1206 3465 1264 3500 non
1280 3449 1320 3502 nrt
1337 3449 1405 3502 Var-

253 3539 346 3576 ronem
363 3521 484 3576 redeunt.

345 3599 367 3646 1.
392 3593 499 3648 Tertius
519 3611 567 3646 rece
589 3593 707 3658 Telchin,
726 3599 842 3662 punctus
859 3593 941 3662 Apis,
959 3599 1050 3648 sextus
1071 3593 1215 3662 Aeyyurus
1231 3593 1355 3658 fuerunt.

345 3665 393 3718 11.
414 3665 505 3718 Secuti
527 3671 592 3718 sunt
612 3665 781 3718 Thurineum
804 3665 883 3732 apud
907 3665 1051 3734 Sicyonios
1078 3665 1250 3732 Leucippus,
1277 3663 1407 3732 Cephisus

255 3737 345 3804 (upucl
363 3737 564 3806 Hieronymum
585 3737 757 3802 Messapus),
777 3737 898 3802 Brutus,
920 3737 1098 3800 Ptemneeus,
1119 3735 1286 3803 Orthopolis
1306 3737 1406 3788 Muru-

255 3809 337 3874 thius,
357 3809 518 3874 Marathus,
537 3807 692 3876 Eehyreus,
714 3809 813 3872 Ocreae,
832 3809 972 3876 Epopeus,
996 3809 1164 3872 Leonreclou,
1190 3807 1304 3876 Sicyon,
1323 3807 1406 3876 Poly-

254 3881 312 3944 bus,
333 3881 463 3946 Inachus,
482 3881 625 3944 Phaenius,
645 3879 791 3944 Adrastus,
813 3881 970 3950 Polypirles,
990 3880 1133 3949 Pctusyus,
1151 3879 1322 3946 Zeuxippus.

346 3951 418 4006 Orcho
437 3969 531 4020 reyum
545 3953 718 4020 Arpinorum
735 3953 779 4004 hie
792 3951 862 4016 fuit:
882 3953 1012 4017 Inachus,
1026 3951 1195 4016 Phoroneus,
1209 3951 1289 4016 Apis,
1303 3951 1406 4016 Aryus,

255 4023 378 4088 Oriusus,
399 4023 529 4148 {hortus
547 4023 672 4088 Triopas,
695 4023 836 4090 Orotopus,
855 4023 1007 4088 Sthenelus,
1025 4023 1154 4088 Danaus,
1169 4023 1306 4092 Lynceus,
1321 4022 1406 4086 Abas,

253 4097 379 4160 Proteus,
426 4097 532 4148 crisius.

254 4205 494 4214 ..-.-·=---...-·--...-.-——-.-...--.

348 4273 405 4360 10,
431 4283 460 4340 7.
483 4283 592 4356 ietsycn
615 4303 634 4340 u
705 4283 754 4340 11.
779 4281 952 4356 tyriachob
987 4283 1125 4357 thyriaco
1149 4303 1196 4359 occ
1266 4283 1315 4340 12.
1337 4279 1406 4354 thy-

254 4371 400 4430 rimaeum
422 4373 494 4452 hpa
