3234 4950
275 403 338 468 154
655 399 802 454 ONESIMI
821 399 910 454 VITA
926 399 1036 454 PROBI

274 569 460 630 hortantibus
485 567 744 646 Lugdunensibus,
774 569 824 646 qui
851 576 878 628 et
903 567 937 628 ab
962 567 1118 627 Aureliano
1148 571 1279 646 grauiter
1303 569 1419 628 eoutnsi

272 669 459 744 uidebantur,
485 675 512 726 et
537 667 665 726 Probum
692 667 954 726 uehementissime
981 667 1238 744 pertimescebant,
1266 669 1298 726 in
1326 669 1418 744 impe·

272 769 350 826 rium
373 765 519 826 nouitatus
551 773 603 842 est,
631 765 699 824 ludo
725 783 817 842 paene
842 785 874 826 ae
898 767 973 843 ioeo,
997 774 1033 825 ut
1053 765 1213 825 Onesimus
1236 765 1315 841 dieii,
1341 765 1418 842 (quod

272 865 390 942 quidem
425 863 500 942 apud
533 861 646 924 nullum
680 863 768 922 alium
802 867 971 942 repperisse
1001 883 1049 924 me
1083 865 1153 924 scio.
1190 883 1257 924 nam
1289 882 1356 922 eum
1386 865 1417 921 in

272 963 398 1042 quodam
428 963 563 1022 conuiuio
595 963 628 1022 ad
658 961 853 1024 latrunculos'
866 963 1020 1022 luderetur
1043 970 1129 1041 aitque
1154 964 1218 1040 ipse
1241 962 1341 1021 deoies
1361 963 1417 1020 im·
1445 985 1458 1024 s

271 1071 389 1140 perator
410 1063 526 1140 exisset,
547 1061 666 1140 quidam
684 1079 744 1120 non
762 1061 902 1138 ignobilis
921 1079 1022 1120 seuera
1040 1058 1122 1120 ‘due'
1143 1059 1246 1138 inquid
1262 1055 1417 1138 ‘Auguste'

272 1161 426 1238 adlataque
459 1159 524 1218 lana
556 1179 704 1238 purpurea
737 1161 850 1220 umeris
881 1161 945 1218 eins
978 1161 1074 1218 iunxit
1106 1177 1233 1236 euntque
1271 1157 1417 1238 adorauit3

271 1263 360 1320 timor
390 1259 460 1318 inde
495 1261 680 1318 oonseiorum
715 1265 801 1336 atque
835 1257 905 1318 inde
935 1259 994 1318 iam
1029 1257 1177 1317 exereitus
1205 1257 1357 1334 temptatio
1389 1265 1417 1314 «at

270 1359 396 1434 imperii.

361 1461 390 1526 2.
432 1465 501 1540 Vop.
530 1465 603 1524 Bon.
632 1465 729 1542 1413
775 1463 815 1522 De
849 1465 904 1524 boe
936 1461 1082 1542 [Bonoso]
1115 1461 1291 1522 Aurelianus
1330 1479 1458 1540 saepem

271 1563 399 1622 dicebat:
425 1559 498 1620 ‘Non
528 1569 560 1620 ut
588 1563 671 1620 uiuat
697 1569 785 1620 natus
812 1571 859 1622 est
885 1563 936 1621 sed
970 1571 1002 1622 ut
1034 1557 1137 1620 bibat'
1178 1579 1267 1638 quern
1295 1559 1415 1638 quidem

270 1661 319 1720 diu
348 1663 378 1720 in
409 1661 517 1720 bonore
548 1659 649 1720 babuit
677 1677 764 1718 eausa
788 1661 919 1722 militiae.
956 1679 1025 1720 nam
1048 1661 1074 1720 si
1098 1659 1215 1738 quando
1237 1659 1326 1736 legati
1349 1659 1415 1718 bar-

268 1759 408 1818 barorum
435 1757 642 1836 undecumque
671 1761 801 1836 gentium
834 1761 1000 1836 uenissent,
1030 1761 1089 1836 ipsi
1113 1755 1357 1836 propinabantur,
1382 1766 1416 1818 ut

269 1877 318 1918 eos
343 1857 503 1916 inebriaret
529 1865 614 1934 atquo
644 1857 678 1916 ab
703 1857 749 1914 bis
774 1875 828 1936 per
851 1859 955 1918 uinum
979 1863 1084 1916 euneta
1112 1864 1311 1933 eognnoseeret.
1349 1859 1414 1934 ipse

268 1953 485 2036 [parantumlibet
506 1953 638 2034 bibisset,
665 1973 782 2034 semper
805 1973 928 2016 seenrus
953 1965 983 2016 et
1005 1955 1123 2016 sobrius
1142 1963 1179 2032 et,
1204 1962 1237 2014 ut
1254 1953 1414 2016 Onesimus
1427 1977 1454 2016 15
1538 2020 1540 2031 ¹

269 2053 348 2132 dieit,
373 2055 501 2130 seriptor
524 2055 603 2112 uitae
625 2053 723 2132 Probi,
746 2055 842 2114 adbuo
864 2057 895 2114 in
919 2056 989 2114 uino
1013 2054 1195 2132 prudentior.

315 2229 316 2232 Ἴ
359 2155 389 2222 3.
423 2163 490 2238 Vop.
515 2163 584 2220 Cur.
605 2163 633 2238 al,
653 2163 673 2220 2
702 2161 860 2222 Onesimus
883 2165 973 2240 euim,
996 2163 1048 2239 qui
1073 2161 1298 2239 diligentissime
1320 2163 1413 2220 uitam

266 2259 356 2318 Probi
380 2261 507 2338 scripsit,
537 2259 645 2318 Romae
673 2259 755 2320 illurn
782 2259 923 2338 [Carum]
948 2269 979 2320 et
1004 2267 1108 2320 natum
1134 2268 1165 2318 et
1187 2257 1338 2320 eruditum
1361 2259 1414 2318 sed

266 2355 441 2436 lllprieianis
465 2357 636 2436 parentibus
662 2359 751 2418 luisse
778 2359 936 2419 contendit.

357 2459 388 2527 4.
423 2467 489 2543 Vop.
524 2467 591 2527 Cur.
620 2467 715 2543 aar
760 2465 903 2545 Superest
937 2465 1024 2527 nobis
1056 2463 1195 2544 Carinus,
1229 2463 1316 2525 bomo
1352 2480 1454 2525 our-ao

266 2568 350 2623 nium
379 2566 691 2643 contaminatissimas,
726 2564 853 2645 adulter,
884 2566 1027 2643 frequens
1059 2572 1218 2643 corruptor
1248 2565 1413 2623 iuuentutis

267 2656 372 2745 (pudet
408 2660 504 2723 dinero
540 2662 617 2741 quod
650 2666 680 2723 in
709 2662 821 2723 litteras
851 2662 1007 2724 Onesimus
1037 2658 1174 2747 rettulit),
1202 2666 1267 2741 ipse
1295 2680 1413 2741 quoque

266 2760 342 2821 male
366 2780 438 2821 usus
463 2764 548 2839 genio
572 2780 661 2821 sexus
685 2764 739 2821 sui.

357 2864 388 2929 5.
422 2870 489 2945 Vop.
512 2872 579 2929 Cur.
602 2870 666 2947 7,3
691 2868 815 2929 Exstant
845 2872 931 2929 etiam
960 2870 1075 2929 litterae
1105 2868 1180 2947 Cari,
1208 2869 1313 2947 quibus
1343 2879 1412 2947 aput

264 2968 447 3043 praelectum
474 2986 557 3025 suum
584 2968 618 3027 de
638 2968 738 3027 Carini
761 2969 894 3028 moribus
919 2977 1068 3045 queratur,
1092 2977 1125 3027 ut
1149 2976 1288 3047 appareat
1304 2981 1452 3027 nemm25

265 3082 345 3143 esse,
370 3064 447 3142 quod
472 3064 627 3125 Onesimus
654 3064 737 3145 dieit,
760 3064 901 3127 babuisse
923 3068 956 3127 in
980 3068 1076 3127 animo
1101 3067 1222 3143 Carum,
1245 3074 1282 3127 ut
1304 3065 1411 3127 Carino

265 3162 482 3223 Caesareanum
506 3162 662 3241 abrogaret
683 3166 852 3243 imperium.

356 3268 388 3331 6.
420 3272 489 3347 Vop.
512 3272 693 3349 Oar.17,o
722 3272 868 3332 Statuerat
893 3272 1019 3351 deniqne
1045 3272 1172 3349 [Curras]
1198 3272 1411 3351 Constantium,

265 3372 314 3447 qui
353 3376 452 3447 postea
491 3368 599 3429 Caesar
635 3378 680 3429 est
718 3370 824 3447 laotuS,
861 3379 932 3431 tune
975 3380 1072 3431 autem
1108 3370 1308 3449 praesidatum
1345 3370 1411 3429 llat-

264 3468 370 3527 matiae
405 3466 639 3547 administrabat,
674 3470 703 3529 in
737 3466 835 3529 laeum
867 3472 931 3531 eius
962 3470 1099 3547 [Cariat]
1127 3468 1303 3547 subrogare,
1333 3470 1451 3547 quoda

264 3584 351 3625 nemo
379 3572 450 3627 tune
480 3568 525 3625 uir
553 3568 659 3627 melior
685 3566 852 3649 uidebatur,
879 3568 964 3629 illum
986 3586 1067 3647 uero,
1091 3576 1123 3627 ut
1148 3568 1305 3627 Onesimus
1331 3568 1411 3646 dieit,

252 3664 408 3727 deridere.

356 3918 380 3973 1.
406 3918 594 3991 purpereaP
680 3912 794 3973 11111111)

355 3998 387 4081 2,
418 4006 463 4063 13.
488 4006 560 4079 ipsis
584 4006 762 4081 propinabat
782 4008 823 4067 ed.
834 4030 880 4083 pr.
1031 4012 1079 4068 15.
1104 4026 1225 4067 seuerus
1242 4008 1411 4083 Petsebeaip

263 4096 396 4153 Bemerlr.
412 4112 441 4165 p.
460 4094 525 4151 356

355 4176 386 4263 5,
413 4186 462 4241 24.
488 4184 576 4243 etiam
595 4184 719 4247 Cosani).
743 4186 803 4245 iarn
821 4188 851 4247 P
961 4189 1009 4246 25.
1036 4192 1196 4263 quaeratur
1216 4188 1243 4245 P
