3234 4950
252 378 423 427 [jxxxxflfl
493 354 540 411 iil]
562 358 792 413 SCRtPTuuVM
812 356 904 413 imas
926 356 969 411 ΕΤ
992 354 1146 411 SCRIPTIS

250 526 351 589 αὐτοῦ
376 524 519 607 πάντων,
542 524 676 607 ἀνδρῶν
699 532 756 607 τῆς
775 522 966 607 Ἑλληνικῆς
992 524 1140 597 παιδείας
1165 518 1216 587 ἐπὶ
1242 526 1397 585 πλεῖστον

249 624 407 707 ἡκόντων,
431 622 493 703 τὴν
517 622 664 707 ἱστορίαν
689 622 750 685 οὐκ
773 626 888 707 ἔφερες
914 624 958 697 εἰς
985 618 1098 705 μέσοις

341 724 456 785 Contra
470 727 579 799 Apion.
594 724 670 784 Itu
691 724 768 795 Πῶς
787 716 848 785 οὖν
871 720 932 785 οὐκ
950 718 993 783 ἂν
1011 726 1147 803 θρασεῖς
1169 742 1215 793 τις
1238 718 1395 801 ἡγήσαιτο

250 820 327 895 τοὺς
354 820 638 901 ἀνταγωνίζεσθαί
653 844 710 902 μοι
733 820 809 901 περὶ
833 830 889 903 τῆς
913 820 1071 901 ἀληθείας
1101 820 1396 901 ἐπιανχειρηαότας5

250 922 283 981 οἳ
305 916 367 981 κᾶν
387 928 455 991 τοῖς
472 928 540 981 τῶν
560 918 812 1000 αὐτοκρατόρων
823 916 846 1005 1)
873 916 1106 1001 ὑπομνήμασιν
1127 916 1273 999 ἐντυχεῖν
1300 914 1396 997 λέγω·

250 1033 320 1096 σιν,
348 1012 417 1081 ἀλλ’
457 1018 499 1081 οὔ
531 1042 569 1097 γε
599 1012 654 1079 καὶ
689 1026 758 1093 τοῖς
790 1016 957 1099 ἡμετέροις
992 1026 1058 1079 τῶν
1089 1014 1398 1097 ἀντιπολεμούντων

250 1114 417 1197 πράγμασι
443 1114 639 1197 παρέτυχον.

338 1214 393 1275 Hie
420 1216 564 1295 Iosephus
591 1234 657 1275 eum
688 1218 842 1276 iactatione
873 1214 998 1295 quadam
1025 1224 1127 1293 postea
1157 1214 1313 1293 professus
1344 1222 1396 1293 est,
1505 1286 1506 1289 Ἴ

250 1314 379 1393 quadiu
403 1312 600 1393 descriptione
624 1318 718 1393 ips1us
744 1314 814 1375 belli
837 1334 896 1375 uon
915 1332 1038 1375 neeesse
1061 1332 1125 1375 esse
1145 1312 1395 1395 damnataeque

250 1414 338 1471 tidem
368 1414 466 1492 ipsum
497 1414 630 1489 legentes
661 1413 872 1492 denegabimus
907 1414 1027 1487 (desen.
1056 1414 1125 1473 tun
1144 1412 1166 1471 J
1178 1432 1209 1489 p.
1232 1412 1299 1471 396
1313 1414 1396 1487 ιαμ).

250 1510 303 1571 sed
332 1514 420 1571 etiam
450 1512 526 1591 apud
549 1512 682 1571 Tacitum
712 1514 837 1591 uestigia
867 1512 1026 1573 eorundem
1052 1512 1220 1591 Vespasiani
1251 1528 1397 1571 nomman-

250 1612 394 1669 tarioium
417 1612 621 1671 inueniuntur.
665 1629 734 1669 naui
755 1630 829 1687 quae
856 1610 891 1671 de
920 1610 1074 1687 asphaltite
1097 1608 1221 1669 Iudaeae
1247 1609 1323 1687 lanu,
1364 1610 1397 1669 de

250 1726 321 1787 agro
341 1708 501 1788 Sodomita,
522 1708 557 1768 de
577 1707 718 1787 prodigiis
739 1717 806 1769 ante
827 1708 1028 1789 Hierosolyma
1049 1716 1213 1787 expugnata
1233 1708 1397 1769 obseruatis

251 1810 337 1880 (bist.
358 1810 387 1866 V
400 1810 439 1879 o;
458 1810 495 1879 7,·
520 1808 576 1880 13)
598 1808 720 1885 profert,
745 1810 884 1886 quoniam
907 1828 974 1867 oum
999 1806 1122 1887 losepho
1151 1808 1196 1879 (b.
1216 1808 1282 1867 iud.
1305 1808 1355 1867 IV
1370 1808 1398 1883 8,

250 1907 280 1965 4.
310 1906 355 1965 Vl
370 1908 399 1982 5,
418 1908 454 1981 3)
480 1908 650 1985 ooneinunt,
668 1906 706 1965 ad
727 1906 794 1967 illos
815 1906 912 1965 redire
932 1906 1085 1987 uidentur,
1105 1924 1202 1985 neque
1221 1906 1302 1965 enim
1320 1924 1398 1967 nuno

251 1997 299 2087 (ut
324 2006 411 2065 etiam
436 2004 588 2065 Lehmann
616 2006 720 2065 Claud.
740 2026 769 2065 u.
787 2008 870 2065 Nero
891 2006 910 2065 I
923 2026 956 2083 p.
971 2000 1082 2089 33sp.)
1118 2024 1150 2065 ea
1184 2004 1218 2065 ad
1247 2006 1326 2065 hune
1352 2004 1413 2065 lu·¹

253 2103 356 2162 daeum
388 2098 580 2187 1·ettulenis.²)
626 2104 732 2164 tentius
768 2104 894 2183 denique
929 2104 1047 2165 aenedat
1071 2104 1184 2163 Plinius
1212 2104 1320 2183 maior,
1348 2106 1399 2183 qui

254 2220 330 2282 quae
358 2204 484 2281 sparsim
513 2204 544 2261 in
578 2202 704 2263 naturali
730 2202 854 2263 historia
889 2200 921 2263 de
951 2202 1017 2263 lacu
1048 2200 1203 2281 asphaltite
1235 2200 1398 2263 ealaihetP

252 2297 291 2359 tl
304 2320 348 2379 sq.
377 2296 495 2359 11226.
525 2300 576 2359 Vll
594 2296 650 2379 65,
684 2302 845 2381 composita
875 2302 999 2381 ahisque
1028 2302 1117 2361 nebus
1147 2310 1229 2361 aucta
1262 2302 1399 2379 leguntur

250 2399 300 2461 uel
331 2398 408 2480 apud
435 2398 592 2478 losephun]
622 2400 671 2459 uel
703 2400 780 2480 apud
808 2400 943 2461 Tacitum
970 2420 1068 2480 neque
1095 2420 1165 2459 oasa
1196 2418 1261 2461 esse
1289 2400 1399 2461 fautum

249 2499 382 2577 uidetur,
410 2497 488 2576 quod
517 2499 565 2558 hie
594 2501 714 2578 sempsit
742 2498 864 2562 ‘nerto
895 2507 984 2562 unni
1014 2493 1068 2582 (so.
1093 2493 1241 2582 tempore)
1266 2501 1398 2560 bitumen

250 2591 369 2674 epeufii',
394 2597 507 2656 Plinius
527 2597 576 2656 Vll
595 2593 638 2658 65
658 2596 742 2672 ‘qum
763 2607 791 2658 et
812 2603 989 2660 bituminum
1010 2603 1089 2660 ieniu
1109 2607 1223 2660 nutum
1240 2633 1280 2640 ..-
1297 2607 1398 2660 nerto

250 2705 410 2772 tempore
428 2701 519 2756 unni
539 2693 765 2776 super-outone,
784 2697 834 2756 ille
851 2695 887 2756 de
901 2697 1056 2758 bituminis
1073 2695 1253 2756 abscissione
1269 2693 1399 2758 ‘ueteres

250 2792 399 2856 auctores'
419 2791 531 2872 ‘gnaris
549 2793 695 2856 loeorum'
715 2799 844 2876 opponit,
865 2797 912 2856 hio
932 2795 1007 2856 nihil
1025 2799 1056 2856 iu
1076 2797 1141 2858 laou
1159 2799 1256 2874 mergi
1274 2797 1398 2858 lamam

250 2912 317 2954 esse
342 2891 462 2953 adnotat
484 2895 504 2966 (
508 2895 534 2953 V
544 2895 609 2967 72).
657 2893 726 2954 talia
754 2903 852 2954 autem
883 2897 971 2956 etiam
996 2895 1121 2956 ducibus
1145 2895 1284 2954 Romanis
1312 2915 1399 2954 aurae

250 2993 344 3052 fuisse
367 2991 552 3069 Corbulonis,
581 2993 718 3074 Muciani,
745 2993 860 3054 Paulini
892 2993 1032 3074 exemplis
1057 2995 1128 3054 satis
1153 2987 1398 3078 comprobaturi)

341 3091 401 3152 Sed
425 3099 549 3170 propter
572 3091 661 3152 talem
688 3094 926 3154 testimoniorum
956 3095 1085 3172 inopiam
1114 3111 1258 3170 quaerere
1289 3095 1398 3152 omitu-

250 3209 327 3269 mus,
350 3209 422 3248 num
446 3191 644 3268 Vespasianus
665 3198 785 3270 praeter
806 3191 957 3252 Iudaicam
980 3193 1071 3252 etiam
1094 3191 1164 3250 alias
1186 3191 1399 3272 expeditiones,

201 3306 204 3309 ‘
250 3295 285 3350 ut
306 3287 519 3367 Britannicam,
543 3291 764 3350 commentariis
787 3293 850 3350 suis
871 3291 1041 3370 eoinplexns
1062 3293 1099 3350 sit
1119 3297 1168 3350 aut
1189 3311 1245 3368 quo
1266 3297 1398 3368 tempore

252 3407 303 3446 eos
328 3387 471 3468 ediderit,
499 3396 582 3448 celte
607 3389 765 3469 losephuS,
793 3408 860 3448 eum
890 3389 975 3452 breul
1003 3397 1071 3468 post
1094 3407 1117 3448 a.
1141 3385 1399 3470 dapsilitatem

251 3505 340 3546 suum
362 3487 538 3566 imperatori
559 3491 681 3567 eiusque
707 3485 767 3548 lilio
789 3487 933 3566 traderet,
966 3507 1016 3548 eos
1044 3491 1101 3548 iam
1131 3491 1161 3548 iu
1190 3487 1326 3548 manibus
1349 3489 1399 3548 ha·

343 3662 367 3728 1)
386 3659 501 3720 Esbhie
521 3659 638 3726 pluralis
661 3659 815 3712 rhetoricus
841 3677 930 3730 neque
956 3677 1025 3728 opus
1049 3661 1101 3716 erit
1121 3679 1184 3716 eum
1205 3661 1399 3716 Gubsehmidio

252 3743 306 3809 (op.
321 3737 360 3791 IV
376 3757 405 3806 p.
421 3741 483 3805 411)
508 3739 542 3792 de
571 3739 721 3794 coniuncta
748 3757 834 3809 opera
860 3741 917 3794 Titi
946 3741 995 3794 filii
1022 3743 1157 3812 cogitare:
1183 3743 1254 3796 ‘maii
1276 3743 1326 3808 itta
1348 3743 1401 3796 den

251 3825 377 3888 spinare-n
400 3821 457 3872 Teii
480 3821 525 3872 des
548 3821 650 3888 Kaiepe
671 3821 811 3876 nuntiatica
836 3821 877 3876 die
902 3825 1044 3890 officialium
1068 3825 1209 3892 Rnppmte
1231 3825 1276 3878 oles
1298 3823 1400 3878 Sabutus

251 3901 297 3954 die
317 3901 479 3970 Gattamiupe
498 3901 636 3954 bildetead.

345 3984 369 4050 2)
389 3981 452 4034 Vid.
470 3979 641 4036 eupator
659 3982 740 4035 Fiuo.
754 3983 890 4052 Josepbus
908 4001 933 4036 n.
950 3983 975 4036 d.
990 3983 1053 4052 jun.
1071 3985 1170 4054 Kriou,
1194 3985 1287 4054 Panga.
1308 3983 1400 4036 Perle-

251 4063 322 4130 beng
343 4065 411 4116 1871
429 4079 457 4130 p.
475 4067 558 4130 tsqq.

343 4146 369 4214 3)
388 4141 489 4196 Nissen
502 4161 540 4196 m.
553 4143 606 4196 Rh.
620 4143 713 4196 XXVI
729 4161 755 4212 p.
772 4149 821 4196 541
843 4161 899 4198 non
918 4145 1041 4212 dubitat,
1061 4145 1129 4212 quin
1150 4163 1220 4212 quae
1240 4145 1275 4198 de
1289 4145 1399 4198 ludaeis

253 4223 368 4276 Tacitus
391 4223 457 4278 hist.
473 4223 498 4275 V
517 4229 606 4292 2sqq.
625 4223 762 4292 proferat,
787 4241 820 4278 ex
848 4223 933 4278 Plinii
961 4225 993 4278 ‘A
1016 4227 1069 4278 fine
1095 4225 1198 4278 Aufidii
1221 4225 1311 4280 Bassi’
1341 4229 1401 4294 (per

253 4321 317 4358 eum
341 4321 374 4358 ex
397 4303 505 4358 Licinio
530 4301 671 4374 Muciano)
693 4305 832 4358 fluxerint.
866 4309 897 4360 at
914 4307 987 4360 reete
1010 4323 1072 4358 eum
1091 4307 1234 4376 redarguit
1256 4307 1399 4360 Detleisen

252 4385 324 4438 Phil.
342 4391 375 4436 34
393 4405 420 4454 p.
435 4391 470 4438 43
481 4403 540 4454 sqq,
