3234 4950
486 373 926 426 6116166116116861616
948 373 1128 426 dontinus
1234 393 1383 438 Lxxussss

234 549 311 610 enim
340 543 528 618 potissimum
558 543 623 600 eiius
648 541 781 600 doctrina
805 543 936 618 pertinet.
962 549 997 600 ut
1020 535 1168 600 ‘oratoris’
1193 541 1271 600 dicti.
1305 559 1383 600 nunc

234 643 360 708 sufficiet
384 659 476 718 pauca
501 641 667 700 testimonia
692 641 827 698 uirorum
850 643 927 700 acris
952 639 1055 698 iudicii
1079 639 1247 718 collegisse,
1275 637 1383 716 quilms

234 759 322 825 quam
345 737 505 814 diligenter
525 741 556 796 in
580 739 653 815 ipsis
676 737 779 796 uerbis
804 739 948 814 eligendis
972 737 1193 816 elaborauisset,
1217 737 1384 816 adpareret,

234 849 273 904 ita
298 846 334 898 61
360 855 418 896 666
449 835 542 896 solum
574 835 671 896 dedita
700 855 788 914 opera
821 835 853 894 de
888 841 917 898 61
952 835 1136 916 quorundam
1169 835 1384 896 uocabulorum

235 943 398 1016 disputaret
425 935 478 994 sed
502 937 590 994 eliam
617 935 652 994 de
674 933 783 994 litteris
810 933 984 1012 quibusdam
1007 935 1113 1010 (Brief
1129 939 1158 994 in
1181 937 1206 994 d.
1222 943 1295 994 rom.
1314 935 1383 994 Litt.

228 1061 262 1120 p,
276 1035 370 1108 etat:
393 1035 497 1094 Senee.
514 1044 608 1094 66616.
627 1035 664 1092 ll
678 1035 702 1090 41
717 1034 799 1106 (12),
817 1033 836 1092 8
871 1037 942 1094 Finit
964 1035 1097 1094 Messala
1129 1037 1316 1094 exactissimi
1338 1037 1383 1092 in-

232 1139 317 1216 genii
340 1136 460 1206 attidem
483 1137 515 1192 in
534 1136 632 1192 omisis
653 1135 824 1192 stultiorem
839 1141 958 1208 partae,
982 1135 1087 1192 Latini
1111 1135 1214 1204 ntique
1238 1137 1384 1192 sermonis

235 1239 413 1298 obseruator
443 1235 697 1304 diligentissimus.
737 1231 806 1289 Tac.
829 1231 956 1290 616118
985 1233 1133 1290 Cicerone
1151 1235 1255 1290 mitior
1277 1231 1384 1288 Corni-

234 1352 289 1396 nns
318 1339 346 1390 et
370 1333 491 1390 dulcior
515 1338 543 1390 et
567 1335 596 1389 in
624 1331 725 1388 acerbis
749 1333 846 1402 napis
872 1331 1053 1390 elaboratae.
1099 1329 1200 1398 Quint.
1219 1329 1256 1388 X
1277 1329 1304 1402 t,
1321 1327 1385 1388 113

235 1433 365 1492 Messala
381 1431 495 1486 nitidus
511 1435 538 1486 et
553 1429 706 1486 antedictus·
720 1435 751 1486 et
765 1429 896 1502 quodam
910 1429 998 1488 modo
1007 1427 1193 1504 praeferens
1207 1431 1238 1486 ia
1255 1429 1385 1488 dicendo

234 1531 418 1590 nobilitatem
438 1543 532 1599 sesain,
552 1529 671 1586 uiribus
690 1529 796 1586 minor.
829 1525 881 1584 sed
895 1543 932 1584 ne
947 1525 1020 1584 illud
1033 1525 1153 1604 quidem
1174 1531 1297 1602 constat,
1318 1531 1385 1584 utro

234 1643 370 1688 sermone
385 1627 416 1684 in
432 1627 653 1684 commentariis
668 1627 739 1697 suis,
751 1625 802 1702 qui
820 1625 845 1682 61
860 1623 1031 1702 nuncapud
1047 1643 1100 1684 nos
1117 1623 1213 1684 locum
1230 1623 1383 1702 dederunt,

232 1743 303 1786 usus
326 1725 371 1784 sit.
390 1741 459 1782 nam
477 1731 509 1782 et
526 1721 630 1781 Latine
649 1729 678 1780 61
699 1721 810 1780 Graece
830 1723 894 1800 pari
913 1723 1054 1782 facilitate
1075 1723 1202 1802 scripsit,
1226 1731 1384 1798 postquam

234 1821 407 1884 adulescens
422 1821 523 1880 Crassi
537 1819 749 1898 Ciceronisque
766 1821 899 1898 exempla
919 1827 1037 1882 secutus
1060 1821 1278 1880 exercitationis
1298 1837 1385 1880 causa

235 1928 366 1982 oratores
396 1919 524 1978 Graecos
551 1921 584 1978 in
612 1937 779 1978 sermonem
804 1918 942 1978 [latinum
970 1921 1063 1978 uertit
1087 1911 1215 2002 (sununs
1244 1937 1311 1978 cum
1334 1917 1384 1978 ad·

234 2017 391 2080 miratione
405 2017 589 2095 Qitintiliani,
603 2019 640 2076 X
654 2011 740 2099 5,2),
755 2019 794 2076 ita
817 2025 847 2076 ut
868 2019 956 2078 etiam
976 2019 1106 2076 carmina
1125 2017 1257 2076 bucolica
1273 2015 1384 2076 Graece

235 2117 437 2194 componenda
468 2116 527 2176 sihi
559 2125 704 2194 sumeret,
736 2135 812 2194 quae
836 2115 983 2194 Vergilius
1017 2119 1067 2194 qui
1100 2115 1208 2176 dicitur
1243 2119 1271 2174 in
1302 2115 1384 2176 catal.

235 2219 271 2290 (9
283 2209 372 2296 [11])
396 2216 592 2275 uehementer
624 2215 762 2274 laudauit.
804 2213 840 2274 66
875 2215 1061 2292 eundemque
1091 2231 1261 2274 sermonem
1294 2213 1384 2292 ducit,

235 2313 312 2392 quod
336 2317 366 2372 in
391 2317 609 2374 commentariis
636 2313 769 2374 Cassium
792 2332 828 2372 eo
850 2321 983 2374 utentem
1009 2313 1077 2372 facil
1101 2315 1160 2390 (fr.
1184 2315 1225 2386 1).

324 2413 417 2473 Vitam
450 2415 514 2473 eius
540 2413 701 2473 admodum
730 2413 845 2470 uariam
880 2413 970 2473 fuisse
1006 2419 1127 2473 constat.
1169 2429 1237 2470 nant
1271 2431 1294 2470 a.
1322 2411 1384 2470 lere

235 2508 361 2592 otioso
386 2507 505 2594 natus¹)
526 2530 548 2571 6,
565 2506 693 2591 aalide
717 2510 884 2571 studiorum
904 2530 991 2573 causa
1011 2510 1139 2571 Athenas
1159 2530 1192 2569 se
1211 2510 1335 2569 contulit
1355 2518 1385 2571 et

234 2630 310 2669 6666
337 2620 404 2687 post
434 2613 465 2669 in
494 2610 598 2669 tcrliem
628 2628 768 2669 reuersus
797 2612 856 2669 iam
888 2610 1006 2669 dicendi
1032 2608 1119 2669 laude
1149 2606 1286 2687 florebat,
1317 2628 1383 2669 curn

233 2708 377 2768 inuidiam
399 2712 627 2769 triumuirorum
649 2708 699 2767 uel
721 2716 862 2785 expertus
886 2708 935 2769 uel
959 2710 1068 2767 timens
1096 2708 1132 2767 66
1161 2708 1284 2767 Brutum
1316 2726 1384 2767 eon-

235 2808 310 2885 t'ugit
336 2806 522 2885 Antonioque
550 2815 671 2867 auctore
700 2810 886 2885 proscriptus
913 2816 965 2867 est.
1005 2806 1058 2867 sed
1086 2810 1196 2867 artiore
1226 2812 1384 2867 consuetu-

236 2906 302 2965 dine
327 2906 462 2965 Cassium
489 2906 642 2983 amplexus
669 2906 1033 2983 661(6).])1’647,24),
1060 2924 1147 2983 quem
1174 2906 1383 2981 imperatorem

235 3023 323 3063 sutum
349 3002 450 3065 dicere
477 3004 582 3063 solitus
611 3012 655 3064 est
685 3006 742 3081 (fr.
758 3004 801 3079 1),
830 3022 960 3083 risusque
996 3008 1059 3065 eius
1092 3012 1137 3063 est
1170 3002 1316 3081 colloquio
1348 3020 1383 3063 66

234 3122 369 3180 uespere,
394 3106 445 3179 qui
467 3122 584 3180 pugnae
602 3102 786 3181 Philippensi
813 3102 1005 3161 antecedebat
1023 3104 1040 3173 1
1038 3104 1080 3179 fr.
1102 3102 1120 3159 1
1119 3104 1145 3179 ),
1170 3102 1202 3161 in
1225 3120 1290 3179 qua,
1316 3120 1383 3161 oum

236 3196 278 3259 ‘in
297 3204 404 3261 eastris
418 3200 503 3259 Bruti
519 3200 671 3279 Cassiique
691 3202 843 3279 proximus
865 3196 1042 3261 auctoritati’
1066 3206 1142 3261 esset
1158 3200 1250 3273 (Veli.
1266 3200 1305 3257 H
1319 3200 1358 3257 71
1356 3204 1384 3279 J,

236 3318 302 3359 666
330 3300 421 3359 Bruto
455 3302 552 3359 uictor
580 3298 715 3359 Caesaris
749 3307 843 3359 castra
879 3302 1041 3377 occupauit.
1084 3308 1148 3359 166
1181 3316 1253 3359 uero
1282 3296 1384 3359 Cassio

235 3398 386 3475 Brutoque
412 3400 551 3475 mortuis,
581 3416 647 3457 curn
675 3400 734 3457 iam
766 3404 833 3455 ante
862 3406 923 3457 tres
952 3398 1011 3457 uiri
1039 3398 1198 3475 adportes
1222 3416 1291 3455 suas
1317 3416 1384 3457 eum

235 3496 351 3557 trahere
377 3500 473 3557 conati
498 3505 609 3573 essent,
636 3506 734 3575 spreta
763 3514 878 3557 summa
901 3498 1021 3575 imperii
1043 3498 1139 3575 primo
1165 3496 1200 3555 66
1223 3494 1384 3555 Antonium

235 3598 364 3671 transiit,
390 3605 452 3653 tum
478 3602 602 3673 propter
626 3594 797 3673 Cleopatrae
822 3594 967 3653 luxuriam
994 3594 1028 3653 ad
1054 3594 1261 3671 Octauianum,
1286 3612 1302 3653 a
1326 3612 1384 3671 qno

234 3692 395 3754 honorifice
423 3702 563 3772 aceeptus
590 3691 676 3753 hellis
706 3701 734 3751 61
763 3692 901 3753 ciuilibus
932 3700 959 3753 et
988 3694 1118 3753 externis
1151 3710 1270 3769 operam
1301 3710 1383 3751 suam

235 3794 396 3869 praestitit,
429 3795 518 3851 etiam
550 3794 582 3851 iu
607 3810 707 3869 pugna
734 3792 866 3869 Actiaca,
895 3794 925 3851 in
955 3810 1010 3869 qua
1039 3794 1103 3851 eius
1134 3790 1221 3851 classi
1247 3790 1383 3869 praefuit,

234 3888 372 3968 idemque
391 3890 500 3949 litteris
520 3892 584 3949 eius
603 3908 721 3949 eausam
741 3890 873 3949 defendit
888 3890 986 3963 (Boin.
999 3890 1089 3965 arcet
1097 3908 1130 3965 p.
1142 3890 1229 3963 218).
1258 3888 1383 3965 denique

235 3987 293 4047 166
322 3997 405 4049 66166
433 3992 465 4049 16
491 4008 638 4067 augurum
660 3988 818 4067 collegium
842 3996 995 4067 cooptatus
1018 4006 1089 4067 pace
1116 3990 1253 4047 restituta
1276 4006 1301 4047 a.
1321 3988 1382 4047 fere

237 4082 535 4166 28i726-26t728
561 4088 675 4165 primus
695 4088 861 4165 praefectus
882 4086 963 4147 urhis
984 4088 1078 4145 factus
1098 4094 1151 4165 est,
1172 4106 1188 4145 a
1207 4106 1264 4163 quo
1283 4092 1383 4145 tamen

235 4224 324 4235 *5⁸*
332 4230 402 4235 ...ν-...Ν
429 4230 433 4234 «
445 4230 473 4235 ,φ

327 4317 350 4381 1)
375 4314 419 4367 Sic
444 4314 581 4385 Borghesi
604 4311 727 4367 Oenunl
747 4332 773 4381 p.
789 4316 841 4365 490
852 4330 893 4381 sq.
913 4316 941 4365 et
963 4310 1072 4365 Dessau
1090 4312 1204 4379 Prosop.
1222 4310 1261 4361 lll
1278 4330 1306 4379 p.
1323 4316 1382 4379 aot,

236 4388 266 4441 in
276 4410 412 4461 quequae
423 4410 508 4463 supra
522 4399 677 4461 sequuntur
692 4394 777 4445 habes
791 4393 873 4445 breui
888 4394 1036 4461 conspectu
1053 4392 1220 4445 testimoniis
1237 4392 1382 4445 instructa.
