3234 4950
578 354 607 419 Q.
629 354 859 407 HOH'l'HNHlVS
879 356 1072 409 Hunratvs

549 522 589 605 11.
609 522 854 595 HOHTHNSI
882 524 1095 596 Honram

726 668 917 727 dunatus

339 784 373 851 1.
399 794 427 851 V
424 796 500 851 61161.
516 792 556 849 Π
570 792 647 865 Idi
669 792 837 853 Italicorum
853 800 951 853 autem
966 794 1088 853 iireruut
1104 792 1293 851 celeberrimi
1309 789 1397 851 duces

234 890 338 965 *tirello
361 888 510 965 Marsico]
531 890 592 947 Silo
613 890 775 967 Popaedius
802 899 857 951 etc.
876 926 924 951 m.
948 890 1052 970 Neque
1075 908 1129 967 ego
1146 888 1328 951 uerecundia
1350 888 1398 947 do-

249 990 366 1049 mestici
386 988 537 1067 sanguinis
559 988 666 1065 gloriae
684 990 852 1067 quidquam,
874 990 943 1049 dum
960 1009 1068 1049 uerum
1087 990 1196 1067 refero,
1214 986 1398 1047 subtraham:

250 1088 357 1165 quippe
383 1086 508 1145 multum
531 1084 644 1145 bliuatii
663 1086 760 1167 bingii,
780 1090 859 1147 ataui
878 1092 945 1166 mei,
963 1088 1186 1164 Nerulonensis,
1207 1083 1398 1145 tribuendum

221 1190 294 1265 aest
327 1186 500 1261 memoriae,
532 1186 584 1261 qui
618 1204 709 1263 nepos
744 1186 825 1247 Decii
858 1186 958 1265 blagii,
997 1186 1213 1265 Campanorum
1246 1184 1398 1261 principis,

249 1282 437 1343 celeberrimi
467 1288 497 1341 et
519 1282 687 1343 fidelissimi
708 1286 775 1361 uiri,
807 1293 917 1343 tantam
945 1286 1000 1343 boe
1032 1284 1111 1343 bello
1137 1284 1278 1343 Romanis
1310 1280 1398 1341 iidem

249 1382 406 1459 praestitit,
437 1388 468 1439 ut
498 1400 564 1439 cum
592 1382 719 1461 legione,
747 1400 833 1461 quam
863 1386 928 1461 ipse
954 1385 986 1441 in
1009 1382 1143 1461 Hirpinis
1173 1382 1398 1459 conscripserat,

249 1477 463 1539 Herculaneum
492 1480 580 1539 simul
603 1500 670 1541 611111
696 1480 725 1539 Τ.
747 1480 831 1541 Didio
857 1490 985 1560 caperet,
1007 1482 1163 1559 Pompeios
1185 1498 1253 1541 eum
1270 1478 1304 1537 L.
1318 1478 1398 1537 Sulla
1419 1502 1451 1547 90

249 1584 432 1655 oppugnaret
456 1576 671 1657 Compsamque
696 1586 864 1657 oocuparet.
900 1582 987 1639 euius
1011 1580 1048 1637 de
1070 1578 1235 1638 uirtutibus
1257 1596 1325 1637 cunr
1350 1573 1461 1637 abidda

208 1694 233 1733 10
249 1684 312 1735 tum
342 1676 469 1735 inarime
505 1676 632 1737 dilucide
665 1676 697 1747 Q.
721 1676 899 1739 Hortensius
933 1682 963 1737 in
997 1676 1151 1737 annalibus
1185 1676 1248 1737 suis
1275 1676 1397 1735 rettulit.

249 1776 332 1835 (iuius
356 1774 400 1833 illi
423 1778 525 1853 pietati
549 1774 667 1853 plenam
691 1776 818 1855 populus
840 1776 992 1836 Romanus
1014 1778 1139 1853 gratiam
1164 1774 1278 1835 rettulit
1301 1776 1399 1851 ipsum

247 1874 360 1931 uiritim
386 1874 505 1931 ciuitate
530 1872 673 1953 donando,
699 1872 770 1935 duos
796 1874 960 1935 filiuseius
987 1874 1115 1935 creando
1137 1880 1307 1953 praetoreS,
1329 1891 1398 1931 cum

249 1974 314 2031 seui
337 1972 433 2031 adhuc
457 1980 638 2033 crearentur.

548 2226 592 2295 11.
626 2222 839 2295 rutundi
870 2224 1104 2297 VARRONIS

585 2368 640 2427 nu
665 2368 843 2427 1111111116
870 2368 1060 2429 rauracus

339 2505 371 2572 1.
397 2513 482 2572 Seru.
500 2515 541 2570 rad
567 2513 797 2588 1761111611..Ῐῖ
813 2513 879 2572 166
900 2511 962 2572 Hoc
984 2511 1273 2590 [Ρ1111111111111111111
1296 2520 1396 2588 postea

208 2623 232 2664 15
247 2609 403 2670 Diomedes
432 2607 555 2670 baberet
579 2601 627 2692 (ut
649 2609 769 2688 quidam
795 2611 908 2688 dieunt,
933 2610 1012 2688 quod
1035 2619 1066 2670 61
1083 2611 1230 2688 Vergilius
1254 2618 1397 2686 exparte

249 2709 340 2786 tangit
370 2717 398 2766 et
421 2709 512 2768 Varro
541 2709 711 2786 plenissime
744 2704 842 2790 dicit),
872 2709 997 2768 credens
1024 2709 1081 2770 sibi
1116 2728 1175 2768 nou
1201 2727 1268 2766 esse
1298 2714 1397 2784 aptum

250 2815 370 2884 propior
389 2826 441 2866 sua
459 2789 599 2884 pericula,
621 2805 727 2886 quibus
752 2827 912 2886 numquam
938 2811 1100 2868 cariturum
1119 2809 1270 2886 responsis
1290 2823 1411 2882 coguo-⁴

248 2913 340 2982 uerat,
355 2907 412 2964 uisi
435 2905 569 2964 ''li'oianis
587 2905 750 2964 Palladium
766 2905 954 2982 reddidisset,
973 2908 1140 2966 transeunti
1158 2925 1212 2983 per
1233 2903 1396 2964 Calabriam

249 3003 364 3062 rieneae
389 3003 496 3062 oilerre
521 3009 642 3062 conatus
667 3013 718 3064 esi.
747 3003 798 3064 sed
822 3023 890 3064 cum
915 3023 947 3064 se
969 3003 1019 3064 ille
1043 3003 1140 3064 uelato
1165 3003 1260 3082 capite
1286 3003 1396 3060 sacriti-

208 3117 233 3156 ao
249 3119 320 3162 uaris
348 3101 559 3180 conuenisset,
586 3099 697 3162 Nautes
726 3101 845 3180 quidam
875 3105 991 3180 accepit
1013 3101 1218 3162 simulacrum:
1244 3099 1321 3160 trude
1345 3099 1397 3157 1111·

249 3219 358 3258 neruae
385 3219 466 3260 sacra
492 3219 550 3258 11611
573 3199 646 3280 lulia
671 3219 742 3276 gens
768 3201 878 3279 babuit,
900 3201 953 3259 sed
977 3201 1160 3260 Nautiorum.

339 3355 368 3408 1.
396 3355 472 3408 deria
491 3357 526 3406 ud
546 3353 623 3422 Verq.
639 3355 707 3408 Aera.
730 3357 756 3408 V
771 3357 825 3408 704
852 3353 934 3418 Quod
960 3357 1058 3408 autem
1084 3353 1155 3408 dicit
1181 3352 1286 3406 ‘Pallas
1315 3369 1397 3420 quem

250 3425 366 3492 doenit’,
387 3429 501 3494 propter
519 3423 589 3478 illud
610 3427 686 3492 quod
705 3443 790 3494 supra
811 3425 941 3492 diximus,
959 3425 1083 3496 fingitur,
1104 3425 1172 3492 quia
1190 3426 1251 3494 ipse
1265 3423 1397 3494 [Nautes]

249 3499 367 3550 Romam
386 3495 545 3550 Palladium
566 3495 675 3550 detulit.
701 3499 773 3550 unde
798 3497 967 3550 Nautiorum
988 3501 1038 3570 [aie
1058 3499 1308 3552 maritumaque.
1326 3501 1398 3564 (eura

338 3639 372 3726 1,
396 3651 424 3706 t.
455 3649 664 3708 Asculauensis
690 3645 1043 3726 (quomdam-auerte)
1064 3651 1105 3708 ed.
1120 3669 1170 3722 pr.
1185 3667 1236 3708 cao.
1253 3647 1398 3708 Oellurius

250 3741 276 3796 9.
303 3737 466 3814 Coeumque
486 3737 516 3794 A
535 3741 577 3796 ed.
586 3759 637 3810 pr.
651 3733 708 3798 6111.
720 3741 841 3798 Vossius
955 3741 1006 3798 lo.
1029 3739 1219 3816 dilucideque
1241 3739 1271 3812 Q.
1292 3739 1332 3796 ed.
1348 3757 1397 3810 pr.

249 3827 406 3902 dilucideq.
429 3849 485 3902 que
511 3825 537 3884 Α
560 3845 610 3886 aaa
625 3829 750 3902 quaslus
865 3832 915 3887 11.
939 3829 986 3886 illi
1003 3827 1032 3886 A
1068 3829 1122 3886 ille
1144 3831 1189 3888 ed.
1201 3847 1252 3900 pr.
1274 3827 1345 3886 fidei
1369 3832 1399 3886 et

252 3917 425 3990 Oudendorp
520 3919 568 3974 12.
592 3917 748 3976 ciuitatem
765 3915 795 3974 A

341 3999 374 4084 l,
400 4007 450 4066 15.
473 4009 508 4064 111
527 4025 555 4080 q.
571 4005 682 4080 dicunt,
703 4007 812 4080 quibus
829 4041 868 4047 -
884 4007 1069 4081 reddidisset,
1087 4028 1141 4082 per
1155 4008 1217 4066 ital.
1235 4007 1397 4066 uddsehot

250 4097 386 4154 Danielis
491 4097 538 4152 16.
566 4115 628 4154 esse
650 4115 703 4154 oui.
723 4097 782 4154 cod.
799 4090 898 4170 nqis}
943 4097 1065 4172 piacula
1086 4097 1193 4156 Maius
1293 4099 1342 4154 19.
1368 4115 1397 4154 se

249 4203 301 4242 om.
317 4187 406 4244 ruia.
422 4187 505 4258 Llps.
589 4187 639 4244 20.
663 4185 836 4244 reuertisset
859 4188 949 4245 Fuld.
1048 4191 1097 4246 21.
1122 4187 1179 4244 iuli
1200 4179 1301 4258 La'ps.l

249 4269 442 4354 Nautiorum]
471 4275 559 4332 Fuld.
586 4277 748 4332 naulorum
773 4275 860 4350 Lapa.
879 4277 988 4334 Harab.
1007 4275 1138 4350 Frisiuq.
1160 4277 1295 4350 Tepeana

248 4365 415 4422 Nautarum
441 4365 586 4438 qutlaoyr.
