3234 4950
278 388 322 452 84
722 383 979 440 FENESTELLAE

275 551 340 634 ἥδη
362 553 420 626 τὰς
444 551 547 626 πύλας
573 543 648 632 εὗρε
670 547 892 632 κεκλειμένας·
935 549 1099 612 καλωδίου
1126 547 1162 610 dt
1188 549 1320 612 ἄνωθεν
1343 545 1423 630 ἀμε-

276 649 397 725 θέντος
419 647 561 726 ἐνζώσας
584 645 703 710 ἑαυτὸν
730 647 905 730 ἀνελήφθη
936 647 1018 730 πρὸς
1047 647 1083 710 τὸ
1109 657 1221 730 τεῖχος.
1255 643 1363 710 Ἔνιοι
1387 647 1426 710 δέ

277 765 391 830 φασιν,
414 737 530 810 ὧνκαλ
546 745 788 818 Φαινεστέλλας
814 745 911 828 ἐστίν,
939 743 1015 808 οὐδὲ
1040 743 1220 808 αἰσθέσθαι
1245 755 1302 828 τῆς
1320 741 1424 826 μάχης

275 847 336 910 τὸν
366 845 505 930 Μάριον
533 841 601 908 ἀλλ’
635 841 665 920 ἐξ
701 843 894 927 ἀγρυπνιῶν
924 843 976 906 καὶ
1006 845 1117 906 κόπον
1148 843 1213 908 ὑπὸ
1250 851 1324 928 σκιᾷ
1359 865 1423 906 τινι

275 940 375 1029 χαμαὶ
398 941 634 1006 κατακλινέντα
655 952 715 1006 τοῦ
737 943 950 1024 συνθήματος
974 941 1135 1016 δοθέντος
1158 939 1316 1004 ἐνδοῦναι
1339 941 1447 1018 repingi

277 1043 397 1124 ῧανον,
424 1035 493 1106 εἶτα
518 1043 612 1124 μόλις
636 1039 858 1122 ἐξεγείρεσθαι
883 1049 940 1120 τῆς
963 1049 1071 1122 φυγῆς
1094 1037 1282 1124 γενομένης.

205 1177 258 1184 --
368 1137 451 1204 lis.
478 1145 549 1204 Geli.
570 1143 603 1202 X
608 1143 636 1202 V
649 1143 702 1220 28,
720 1143 751 1200 4.
782 1141 818 1202 ln
841 1161 898 1220 elna
923 1159 954 1202 re
979 1145 1068 1202 etiam
1086 1139 1282 1202 Fenestellam
1308 1159 1423 1200 errasse

275 1241 422 1302 Pedianus
442 1242 585 1302 Ascanius
608 1239 826 1320 animaduertit,
852 1239 930 1318 [ruod
954 1259 1020 1300 eum
1042 1239 1247 1316 [Ciceronem]
1268 1241 1424 1316 scripserit

276 1349 358 1400 serto
378 1339 541 1400 uicensimo
563 1342 664 1400 aetatis
685 1357 761 1398 anun
778 1358 832 1418 pru
860 1337 887 1398 S.
909 1337 1015 1398 Roscia
1036 1337 1153 1400 dixisse.
1192 1337 1307 1416 longior
1326 1345 1423 1398 autem

186 1443 251 1494 ful
278 1435 400 1517 Nepetis
424 1457 513 1516 quam
535 1435 718 1496 Fenestellae
745 1455 829 1496 error
852 1445 896 1496 est
921 1445 949 1496 et
973 1455 1000 1514 q.
1023 1455 1047 1496 s,
1437 1453 1460 1490 ιο

366 1529 448 1598 18*.
471 1535 558 1596 Luat.
578 1539 641 1596 diu.
659 1541 727 1596 inst.
745 1537 765 1592 I
774 1537 805 1610 6,
822 1535 863 1592 14
883 1535 991 1594 Omnes
1010 1537 1101 1612 igitur
1121 1535 1174 1594 irae
1191 1535 1315 1612 Sibyllae
1329 1553 1422 1594 unum

277 1633 364 1694 deum
387 1631 572 1712 praedicant,
599 1637 726 1694 menime
752 1641 848 1694 tamen
875 1631 1048 1712 Erythraea,
1077 1653 1149 1710 quae
1177 1631 1321 1694 celebrior
1344 1635 1424 1694 inter

275 1742 391 1792 ceteras
413 1753 448 1792 ac
470 1731 598 1792 nubiliur
620 1731 754 1793 balretur.
791 1733 817 1790 si
840 1729 959 1810 quidem
979 1731 1151 1810 Fenestella,
1179 1731 1423 1810 diligentissimus

204 1841 258 1916 j}
280 1833 415 1910 scriptur,
443 1829 476 1890 de
503 1829 670 1910 quindecim
689 1831 764 1890 uiris
784 1829 886 1890 dicens
906 1833 946 1890 ait
965 1831 1102 1890 restituto
1124 1829 1264 1908 Capitolio
1285 1829 1423 1890 retulisse

205 1929 256 1976 678
275 1929 313 1988 nd
336 1938 471 1988 senatum
497 1929 526 1988 C.
551 1929 709 1988 Curionem
734 1947 803 2006 cns,
827 1937 859 1988 ut
883 1929 969 2006 legati
990 1927 1130 2006 Erythras
1152 1931 1351 2006 mitterentur,
1372 1931 1422 2006 qui
1437 1953 1460 1992 15

275 2027 405 2088 carmina
420 2025 547 2104 Sibyllae
568 2029 732 2106 conqurisita
752 2025 874 2086 lienium
894 2027 1095 2106 departurenn
1112 2027 1210 2106 itaque
1230 2029 1336 2086 missus
1358 2045 1422 2086 esse

274 2126 305 2186 P.
330 2123 487 2186 Gabinium
512 2123 547 2186 M.
572 2123 728 2186 Otacilium
754 2125 784 2184 L.
805 2123 961 2204 Valerium,
992 2127 1041 2204 epu
1071 2123 1234 2204 descriptus
1259 2147 1273 2184 a
1299 2127 1423 2204 priuatis

274 2243 382 2284 uersus
405 2225 484 2282 circa
508 2223 588 2282 mille
611 2223 734 2282 Rumam
760 2225 958 2302 deportarunt.

365 2414 412 2468 16.
436 2414 475 2481 Of.
491 2417 562 2468 aar.
583 2414 649 2468 Vici.
665 2416 699 2468 de
715 2416 787 2468 uiris
807 2415 844 2468 all.
863 2419 898 2468 de
922 2415 952 2466 In
972 2415 1112 2483 apparatu
1131 2413 1210 2483 belli,
1233 2417 1307 2483 quod
1326 2419 1424 2470 contra

275 2486 385 2541 Sullam
411 2485 579 2555 parabatur,
602 2487 679 2555 apud
702 2486 892 2555 Sacriportum
917 2486 1023 2553 uigiliis
1050 2490 1076 2539 et
1100 2486 1196 2541 labore
1221 2488 1346 2541 defessus
1372 2488 1423 2541 snb

276 2558 343 2611 diue
362 2556 505 2625 requieuit
521 2561 551 2611 et
571 2558 670 2611 absens
690 2558 781 2611 uictus
801 2558 893 2625 fugae,
913 2574 968 2611 nun
989 2574 1099 2627 pugnae
1120 2556 1255 2613 interfuit.

365 2628 412 2685 17.
434 2630 563 2685 Eundem
583 2630 691 2695 faurum
711 2633 833 2697 seqnitur
861 2630 973 2699 Qurirrtil.
993 2630 1059 2683 ΧΠ
1074 2634 1099 2697 d,
1116 2636 1138 2685 4.
1176 2632 1213 2697 Of.
1231 2632 1381 2685 Drunrunn
1402 2634 1428 2685 V

270 2706 379 2828 idm
410 2702 460 2755 Εα
487 2700 618 2755 Suetonio
644 2708 727 2769 eaput
757 2702 914 2757 Gallicarum
942 2704 1054 2769 pluuisse
1075 2704 1206 2769 ονιιιιιτιιν
1231 2704 1424 2769 Reifferscheid

295 2780 347 2827 aet.
385 2778 466 2827 ‚424

362 2790 413 2899 liS.
437 2844 477 2911 Of.
494 2846 526 2899 de
539 2848 585 2897 ιῖνο
604 2844 648 2898 dei
665 2850 703 2899 22
727 2844 848 2913 Sibyllas
874 2844 988 2913 plurimi
1008 2846 1035 2897 et
1055 2844 1170 2897 maximi
1189 2848 1316 2899 auctores
1335 2846 1423 2899 tradi-

275 2916 385 2985 derunt,
405 2916 576 2969 Graecorum
594 2916 691 2969 Aristo
709 2915 794 2968 Chius
815 2918 841 2969 et
860 2916 1048 2985 Apollodorus
1067 2916 1246 2985 Erythraeus,
1264 2920 1423 2971 nostrorum

275 2988 363 3040 Varro
383 2990 411 3041 et
431 2988 637 3041 Fenestella.
656 2988 689 3039 hi
704 3004 801 3041 omues
816 2986 996 3057 praecipuam
1010 2990 1039 3039 et
1049 2988 1177 3041 'nobilem
1190 2992 1303 3057 praeter
1317 2990 1423 3043 ceteras

275 3059 459 3129 Erythraeam
481 3058 569 3111 fuisse
591 3061 819 3115 commemorant,
851 3060 1036 3129 Apollodorus
1062 3058 1175 3127 quidem
1197 3062 1230 3113 ut
1254 3060 1288 3113 dc
1312 3060 1367 3113 ciui
1390 3078 1424 3115 ac

273 3128 406 3201 populari
430 3147 479 3183 sua
503 3130 653 3201 gloriatur7
682 3130 881 3185 Fenestella
906 3148 971 3183 uero
1002 3130 1086 3183 etiam
1115 3132 1223 3201 legatos
1248 3132 1381 3201 Erythras
1407 3150 1424 3185 a

267 3204 376 3266 senatu
395 3218 454 3255 esse
471 3204 573 3255 missos
590 3204 686 3269 refert,
704 3204 737 3255 ut
759 3204 841 3255 huius
864 3202 987 3271 Sibyllae
1010 3202 1133 3257 carmina
1152 3204 1267 3257 Romam
1295 3204 1423 3273 deporta—

274 3277 371 3327 rentur
398 3274 592 3345 [deportarenb
619 3276 728 3327 Jordan
755 3276 869 3345 Topcpr.
888 3276 966 3327 Runa.
988 3276 1041 3327 Ia
1059 3294 1087 3345 p.
1104 3276 1161 3345 27]‚
1188 3276 1216 3327 et
1241 3292 1273 3327 ea
1298 3276 1423 3329 consules

275 3345 358 3399 Curio
385 3351 412 3399 et
437 3345 572 3399 Octauius
594 3346 626 3397 in
648 3344 796 3415 Capitolia,
821 3348 894 3413 quod
914 3350 982 3399 tuuc
1002 3348 1062 3399 erat
1080 3350 1195 3399 curante
1216 3346 1246 3411 Q.
1262 3348 1363 3401 Catulo
1381 3364 1424 3399 re-

275 3418 418 3483 stitutum,
443 3420 575 3485 pauenda
593 3420 724 3471 curarent
743 3420 889 3487 [curarunt
906 3420 1014 3471 Jordan
1035 3420 1051 3471 l.
1065 3420 1108 3489 s.].
1134 3420 1229 3473 Orrrraia
1246 3420 1311 3473 beree
1328 3420 1362 3471 de
1380 3420 1424 3475 nt-

274 3491 355 3559 bplb's
379 3491 504 3543 doctriua
523 3491 656 3543 Varronis
680 3497 723 3543 ent.
753 3490 787 3555 ef.
807 3506 892 3557 surpra
907 3508 937 3557 p.
951 3494 1036 3557 aasp.
1065 3508 1129 3543 ιιιιιιι
1149 3492 1241 3561 perpet
1258 3492 1425 3545 Lactantius

274 3562 307 3613 ιἰι
328 3562 430 3615 instat:
452 3560 527 3613 lderu
553 3578 637 3629 supra
661 3562 833 3615 ostendimus
861 3562 961 3613 dixisse
977 3562 1129 3615 'llarrunem
1149 3564 1181 3629 (d,
1196 3580 1215 3615 e.
1234 3580 1250 3615 α
1267 3564 1288 3633 gl
1304 3568 1363 3629 ll);
1387 3564 1423 3629 ef.

275 3634 356 3687 etiam
376 3634 454 3699 Epir.
472 3634 535 3687 ιἰιολ.
554 3638 578 3699 5,
594 3638 657 3701 lep.
678 3634 747 3685 Iurat.
761 3635 782 3685 I
784 3634 811 3685 V
823 3638 867 3697 15,
881 3638 925 3687 26.
958 3634 1045 3687 Dima.
1065 3634 1132 3687 Hel.
1151 3636 1199 3687 IV
1213 3638 1255 3687 62.
1291 3634 1367 3687 Serui.
1387 3636 1425 3687 ud

275 3705 343 3757 Αοιι.
361 3704 404 3757 VI
414 3708 457 3759 36.
476 3704 521 3757 De
539 3704 698 3773 Erythraea
714 3705 780 3759 bure
799 3706 955 3759 addiderat:
985 3708 1004 3757 i·
1016 3710 1066 3771 (λέ)
1082 3704 1215 3769 Quintam
1230 3706 1423 3773 Erythraeam,

275 3792 360 3841 quam
375 3774 561 3843 Apollodorus
575 3775 747 3843 Erythraeus
761 3774 883 3829 affirmat
903 3792 982 3829 suam
999 3776 1083 3829 fuisse
1100 3776 1189 3829 ciuem
1203 3792 1320 3845 eamque
1332 3776 1423 3831 Graiis

274 3846 358 3897 llium
372 3846 533 3915 petentibus
548 3846 735 3900 uaticinatam
749 3850 777 3899 et
785 3846 939 3915 perituram
949 3864 1007 3901 esse
1018 3846 1129 3901 Troiam
1140 3852 1170 3901 et
1183 3848 1333 3901 Homerum
1348 3864 1424 3903 ruen-

275 3916 358 3969 daeia
381 3918 558 3987 scripturum.
578 3948 613 3957 -
632 3936 750 3986 quorum
768 3918 922 3989 [Germanae
945 3920 1086 3989 librorum]
1112 3924 1208 3987 postea
1233 3936 1363 3973 numerus
1386 3920 1424 3975 sit

275 3990 376 4041 auctus
398 3988 538 4059 Capitolio
562 3990 680 4057 refecto,
702 3990 778 4057 quud
803 4008 835 4043 ex
860 3992 988 4043 omnibus
1011 3990 1177 4045 ciuitatibus
1204 3994 1234 4045 et
1260 3990 1366 4045 Italicis
1395 3996 1424 4047 et

275 4058 390 4113 Graecis
416 4065 445 4113 et
468 4062 620 4129 praecipue
645 4062 811 4129 Erythraeis
834 4064 926 4115 coacti
948 4062 1082 4129 allatique
1105 4062 1161 4115 sint
1183 4062 1312 4131 Roaiam,
1332 4062 1423 4117 cuius-

276 4148 394 4199 cumque
413 4131 538 4199 Sibyllae
557 4132 669 4185 uomine
688 4133 801 4187 fuerint.

368 4295 426 4379 17,
446 4302 473 4359 8.
498 4302 684 4377 inscripserit
703 4302 782 4361 Voss.

368 4384 426 4469 18,
452 4394 502 4449 15.
525 4390 558 4449 O.
576 4410 630 4449 σοι,
644 4392 714 4449 Pur.
730 4393 772 4449 Π
788 4392 821 4449 G.
835 4392 905 4451 Pur.
922 4394 943 4449 l
960 4394 1069 4453 Valent.
