3234 4950
514 371 550 424 M.
567 371 806 426 sacristanus
828 405 860 412 -
880 371 1063 426 ONESIMVS
1299 371 1361 434 153

218 539 399 616 crocodillos,
424 547 546 598 tinctum
569 539 796 600 crocodillorum
819 539 965 618 adipibus
988 548 1106 600 natasse
1124 549 1155 598 et
1173 539 1361 620 elephantum

217 639 328 698 rexisse
354 643 381 696 et
405 637 612 718 hippopotamo
636 639 748 698 sedisse
774 645 802 698 et
829 637 983 698 sedentem
1009 635 1181 716 ingentibus
1211 641 1361 698 strutioni·

215 735 270 794 bus
295 743 414 796 uectum
438 755 502 796 esse
528 743 556 796 et
580 739 664 816 quasi
687 737 837 800 uolitasse.

611 971 657 1042 M.
685 967 965 1042 sobriorum

305 1125 336 1190 l.
370 1131 438 1206 ch.
459 1133 582 1190 Solum.
604 1133 645 1190 10
670 1133 704 1190 m
730 1151 796 1190 cum
820 1151 888 1192 eum
910 1129 1175 1208 [Suturuinum]
1196 1133 1361 1190 animarent
1379 1093 1448 1228 120ἒὲ

187 1228 261 1287 srael
287 1229 320 1288 ad
345 1229 437 1288 uitam
460 1229 562 1290 uelud
587 1231 753 1308 imperium,
775 1233 824 1308 qui
846 1233 1031 1290 amicuerunt
1049 1247 1220 1308 purpuram,
1237 1230 1269 1286 in
1290 1229 1361 1286 llaec

213 1325 305 1386 uerba
321 1327 473 1388 disseruit:
495 1325 641 1406 ‘Nescitis
659 1331 751 1406 amici,
769 1329 841 1406 quid
855 1330 923 1389 mali
942 1331 983 1388 sit
994 1330 1151 1407 imperare,
1176 1327 1265 1406 gladii
1281 1335 1361 1388 saeta

213 1425 376 1502 pendentes
391 1427 559 1486 ceruicibus
574 1427 730 1506 inminent,
745 1427 848 1486 hastae
861 1427 1000 1505 undique,
1016 1427 1148 1506 undique
1164 1427 1284 1504 spicula.
1302 1427 1361 1502 ipsi

213 1523 352 1584 custodes
376 1523 527 1604 timentur,
552 1525 610 1602 ipsi
633 1527 756 1584 comites
780 1523 983 1584 formidantur.
1006 1544 1066 1584 non
1087 1522 1173 1584 cibus
1196 1545 1250 1604 pro
1276 1523 1361 1584 uolu-

210 1627 301 1700 ptate,
327 1641 386 1682 non
416 1623 474 1682 iter
499 1643 553 1700 pro
583 1625 764 1700 auctoritate,
795 1641 854 1682 non
875 1621 954 1683 bella
976 1641 1031 1700 pro
1053 1623 1173 1701 iudicio,
1196 1643 1255 1682 nou
1281 1641 1360 1682 arnna

173 1741 196 1780 io
211 1739 264 1798 pro
300 1719 405 1780 studio.
442 1721 516 1782 adde
554 1719 631 1800 quod
666 1723 759 1784 omnis
794 1729 872 1782 aetas
906 1725 936 1782 in
966 1723 1091 1800 imperio
1119 1721 1360 1800 reprehenditur:

212 1837 304 1878 senex
327 1825 373 1880 est
396 1817 565 1898 quispiam?
599 1821 736 1880 inhabilis
759 1821 892 1902 uidetur3
924 1817 1121 1880 adulescens?
1152 1827 1196 1880 est
1221 1821 1359 1880 furiosus.

130 1917 134 1924 ‘'
210 1919 268 1976 iarn
300 1917 369 1996 quid
398 1919 553 1978 amabilem
581 1919 718 1980 omnibus
742 1919 871 1980 Probum
900 1917 987 1980 dieo?
1025 1919 1072 1978 cui
1098 1937 1166 1979 crem
1187 1937 1236 1976 me
1260 1937 1359 1978 aernu-

210 2015 271 2074 lum
302 2033 367 2076 esse
395 2017 515 2096 cupitis,
546 2021 595 2076 cui
621 2017 717 2078 libens
745 2019 817 2078 cedo
848 2027 875 2078 et
904 2019 989 2078 cuius
1017 2015 1076 2076 dux
1105 2033 1170 2076 esse
1199 2017 1299 2094 cupio,
1327 2017 1359 2074 in

210 2115 420 2174 rrecessilatem
452 2119 557 2174 mortis
589 2135 636 2176 me
670 2117 795 2176 trahitis.
836 2117 929 2176 liabeo
963 2115 1100 2174 solatium
1125 2117 1244 2174 mortis:
1278 2111 1359 2174 solus

172 2233 194 2272 15
209 2213 309 2290 perire
337 2231 395 2270 non
429 2211 553 2292 potero'
591 2213 625 2274 ul.
657 2213 845 2276 Saluidienus
870 2215 947 2274 hanc
975 2215 1067 2292 ipsius
1098 2213 1259 2272 orationem
1287 2231 1359 2270 uere

210 2311 303 2370 luisse
331 2309 410 2370 dicit.
453 2319 484 2372 et
510 2313 566 2372 luit
596 2331 625 2372 re
656 2333 727 2372 uera
754 2331 814 2372 uon
842 2331 947 2390 parum
976 2313 1130 2372 litteratus
1173 2329 1241 2370 uam
1271 2320 1299 2372 et
1327 2312 1358 2368 in

208 2409 306 2468 Alrica
340 2409 450 2468 rlretori
486 2429 604 2489 operam
636 2411 770 2491 dederat,
803 2411 914 2473 Romae
946 2411 1187 2488 frequentauerai
1220 2409 1358 2489 pergulas

208 2508 401 2585 magistrales.

556 2706 685 2777 FABH
715 2704 1007 2779 cuniculum

298 2860 328 2929 l.
361 2868 430 2943 Vop.
448 2868 517 2927 Cur.
539 2868 604 2941 4,3
627 2868 683 2927 Sed
707 2866 815 2925 Fabius
840 2866 1033 2945 CeryllianuS,
1055 2869 1107 2945 qui
1128 2872 1261 2943 tempora
1281 2867 1358 2943 llari,

168 2986 193 3025 ro
208 2964 308 3025 Carini
331 2972 361 3025 et
383 2964 557 3025 Numeriani
580 2964 774 3026 solertissime
799 2970 975 3043 persecutus
998 2975 1052 3044 est,
1077 2964 1238 3041 [Corum]
1258 2983 1357 3041 neque

205 3062 316 3123 Rornae
339 3062 391 3123 sed
412 3064 441 3123 in
461 3062 575 3141 Illyrico
597 3066 729 3141 genitum
752 3082 851 3141 nelpre
873 3064 1034 3123 Pannoniis
1053 3064 1105 3123 sed
1122 3064 1231 3123 Poenis
1249 3082 1356 3141 paren-

205 3162 285 3221 tibus
310 3162 421 3223 adserit
442 3169 553 3222 natum.

527 3392 724 3467 onasum
752 3392 869 3465 VITA
896 3394 1039 3465 PROBI

297 3548 328 3615 l.
361 3554 429 3631 Vop.
449 3558 539 3615 Proe.
560 3556 611 3629 13,
631 3556 649 3613 J
679 3554 734 3615 Hic
757 3560 857 3615 tamen
881 3554 1058 3633 [Proculus]
1084 3576 1152 3615 eum
1176 3558 1264 3615 etiam
1287 3566 1355 3635 post
1372 3532 1443 3609 289.

205 3652 331 3713 honores
366 3652 508 3713 militares
537 3672 567 3711 se
597 3654 720 3729 inprobe
752 3652 924 3733 libidinose
952 3660 1051 3713 tamen
1079 3654 1196 3713 fortiter
1227 3662 1355 3733 gereret,

207 3778 208 3781 ,
220 3776 420 3783 -.-.-,-....-..--..,-.
440 3778 443 3781 .

296 3854 322 3909 2.
347 3852 576 3927 hippopotamos
598 3850 640 3909 ed.
656 3852 746 3911 Peru.
764 3852 917 3911 Turnebus
1005 3852 1205 3911 stmnionibus
1221 3854 1248 3909 P

297 3934 327 4017 l,
354 3942 381 3999 5.
406 3942 700 4019 emugieruaneuu
720 3940 845 4003 Ousoub.
945 3942 975 3999 6.
997 3942 1108 4018 gladiis
1130 3945 1161 3999 et
1183 3960 1202 3999 a
1224 3942 1353 4017 penden-

204 4030 326 4089 tibusP
442 4032 468 4089 9.
494 4030 614 4089 interP
747 4032 796 4089 11.
820 4032 941 4089 additur
968 4032 1013 4089 his
1039 4034 1068 4089 ei
1092 4032 1190 4089 fusore
1206 4032 1234 4087 P
1252 4032 1353 4089 adole-

204 4118 309 4177 scens?
332 4122 376 4179 est
400 4120 532 4179 furiosus
552 4122 656 4191 seleuse·
749 4122 798 4179 12.
822 4122 870 4179 eui
893 4122 1056 4179 memulum
1068 4114 1113 4177 P1
1135 4122 1185 4177 eui
1207 4140 1253 4179 mo
1279 4140 1352 4179 aem.

202 4210 232 4267 P
243 4226 315 4267 corr.
340 4228 406 4267 cum
431 4210 498 4269 odd.
512 4208 679 4269 Salmasius
786 4212 833 4267 17.
858 4212 985 4269 rectorio
1002 4212 1033 4266 P
1044 4230 1096 4269 eru.
1110 4208 1262 4269 Buelueus

203 4298 469 4373 frequentauerant
493 4300 619 4377 pergula
641 4300 822 4359 ministrales
843 4302 871 4357 P
1004 4292 1039 4377 l,
1062 4302 1112 4357 19.
1137 4294 1296 4359 fauiusP¹

296 4380 327 4467 l,
354 4388 402 4447 24.
428 4388 571 4449 militares
597 4408 664 4447 eum
687 4410 716 4447 se
737 4388 763 4447 P
851 4392 968 4467 regeret
985 4390 1099 4449 Pcorr.
1114 4387 1265 4449 Boeureus
