3234 4950
565 360 602 411 M.
616 357 771 411 TVLLIVS
790 358 918 415 CICERO
1243 378 1320 421 vum

169 534 288 591 secutus
316 537 362 589 est
385 528 435 587 Cn.
458 526 609 603 Sallustio,
641 528 690 603 qui
721 526 813 585 multo
845 530 957 589 maiore
987 528 1162 587 anctoritate
1196 524 1229 583 de
1261 522 1320 583 illis

169 628 257 691 rebus
283 628 342 687 dici
363 644 452 705 posse
476 624 681 700 admonuerat,
708 622 744 683 ‘si
769 627 834 705 ipse
858 626 1032 705 loqueretur
1055 624 1092 685 de
1115 642 1149 685 re
1172 642 1211 703 p,
1233 642 1319 701 prae-

169 728 273 789 sertim
300 744 368 786 cum
398 732 477 783 esset
502 740 563 783 non
592 720 763 783 heraclides
790 724 931 785 Ponticus
962 724 1016 783 sed
1043 724 1209 785 consularis
1231 730 1263 781 et
1284 726 1320 801 is,

169 828 222 905 qui
246 825 281 883 in
305 826 443 885 maximis
467 828 605 881 uersatus
633 824 664 879 in
691 840 725 881 rc
751 841 781 901 p.
804 824 896 883 rebus
920 820 1020 883 esset'.
1067 842 1137 883 nam
1160 840 1233 901 quae
1260 828 1319 881 tam

169 924 298 999 antiquis
316 920 488 981 hominihus
508 920 693 999 attribueret,
718 938 750 979 ea
771 924 869 981 uisum
892 924 927 981 iri
955 922 1022 981 ficta
1045 938 1124 1001 000ος
1150 922 1237 981 etiam
1259 938 1320 979 ser-

168 1038 288 1083 monem
320 1020 357 1081 de
388 1027 504 1079 oratore
535 1038 603 1078 eum
636 1018 786 1079 rettulisse
818 1020 855 1079 ad
887 1038 950 1099 000,
980 1038 1053 1099 quos
1086 1020 1150 1097 ipse
1178 1016 1320 1101 uidisset3

168 1118 367 1179 ‘Aristotelem
398 1118 538 1196 denique,
566 1134 642 1195 quae
666 1116 702 1175 de
725 1136 759 1175 re
782 1138 809 1197 p.
833 1126 861 1179 et
890 1120 1051 1197 praestanti
1076 1120 1142 1179 uiro
1165 1116 1320 1197 scriberet,

168 1222 265 1297 ipsum
300 1214 393 1295 loqui’
425 1208 484 1299 (od
509 1218 542 1287 O.
557 1218 601 1291 fr.
619 1216 678 1275 Ill
692 1216 756 1290 5,I
782 1236 820 1275 m.
842 1216 914 1277 Nou.
935 1210 1088 1299 sarton).
1136 1214 1320 1293 eandemque

168 1319 312 1377 rationem
343 1322 408 1375 octo
435 1316 523 1375 annis
548 1320 653 1393 postea
679 1318 831 1395 exposuit,
859 1334 926 1377 cum
957 1314 991 1375 ad
1016 1316 1146 1375 Atticum
1174 1314 1321 1375 scriberet

168 1416 303 1493 antiquas
330 1432 474 1493 personas
501 1416 635 1473 suauiter
661 1414 693 1473 in
722 1412 852 1491 dialogos
881 1413 1005 1491 includi,
1034 1422 1068 1473 ut
1092 1420 1120 1473 et
1148 1410 1320 1473 Heraclides

166 1518 197 1575 in
229 1514 332 1573 multis
361 1520 392 1573 et
421 1514 485 1591 ipse
516 1530 566 1570 sex
599 1508 648 1571 ‘de
677 1530 711 1570 re
739 1508 780 1591 p.’
808 1512 895 1573 libris
923 1512 1044 1575 fecisset
1075 1504 1133 1593 (ud
1155 1512 1215 1571 att.
1233 1512 1325 1571 XIII

168 1613 219 1690 19,
233 1612 306 1689 3sq.
326 1631 364 1671 m.
383 1610 459 1671 lulio
483 1617 609 1669 exeunte
633 1630 651 1669 a
671 1604 859 1695 45j709).1)
897 1620 1020 1689 apparet
1040 1614 1134 1689 igitur
1148 1602 1319 1691 Ἡρακλεί-

167 1708 258 1771 dcccv
282 1710 312 1769 id
335 1710 489 1788 proprium
513 1706 663 1787 hahuisse,
685 1716 721 1768 ut
741 1710 912 1789 antiquae
935 1728 1083 1789 personae
1104 1710 1185 1767 inter
1209 1726 1238 1767 se
1262 1708 1319 1767 col-

166 1808 369 1887 loquerentur,
394 1806 511 1887 quade
536 1824 623 1867 causa
643 1806 734 1865 Varro
760 1810 787 1867 ei
812 1810 942 1869 sermoni
963 1812 1107 1869 interesse
1133 1824 1191 1867 000
1215 1808 1320 1885 potuit,

165 1906 197 1965 id
221 1906 299 1983 quod
318 1906 468 1965 Schwartz
489 1903 508 1963 l.
529 1924 550 1965 s.
570 1904 674 1982 uoluit,
698 1908 880 1983 pertinuisse
905 1914 1003 1967 autem
1029 1906 1064 1965 ad
1089 1924 1139 1965 eas
1161 1908 1241 1983 ipsas
1263 1924 1320 1983 rec,

167 2023 241 2085 quae
265 2011 330 2065 tum
352 2011 541 2083 gererentur,
570 2004 677 2083 [ludius
706 2011 786 2063 totus
810 2004 914 2065 Cicero
943 2012 1006 2065 tum
1035 2006 1134 2063 animo
1158 2010 1319 2081 occupatus

167 2111 238 2163 erat.
282 2104 354 2181 quid
376 2102 457 2181 quod
478 2102 529 2163 hic
551 2120 655 2163 mmor
676 2106 767 2163 etiam
789 2103 918 2165 Athenas
946 2108 1119 2183 peruaserat
1145 2102 1319 2163 Ciceronem

167 2220 320 2261 sermones
352 2202 387 2261 de
416 2200 551 2261 Caesaris
583 2208 678 2261 morte
711 2202 855 2281 scribere,
886 2203 921 2263 ad
945 2220 1020 2281 0000
1046 2208 1081 2261 ut
1106 2202 1320 2279 adiungeretur

167 2300 195 2361 C.
217 2299 383 2361 Trebonius
407 2318 462 2379 per
483 2300 598 2361 litteras
621 2300 717 2361 abeo
739 2304 835 2379 petiit.
844 2296 867 2385 2)

254 2399 339 2459 ldem
359 2406 461 2457 tarneu
482 2400 540 2459 hoc
563 2418 681 2480 quoque
706 2400 802 2459 animo
830 2398 921 2461 uoluit
945 2406 978 2461 ut
998 2400 1141 2459 Graecam
1163 2398 1319 2459 historiam

166 2497 251 2559 laude
283 2497 416 2559 Romana
448 2506 597 2577 aequaret.
640 2501 738 2578 itaque
769 2517 837 2560 curn
866 2499 902 2560 de
929 2497 1045 2578 legibus
1073 2501 1317 2578 prooemiaretur,

166 2597 308 2668 Quintum
333 2598 455 2656 fratrem
478 2597 548 2656 tecit
571 2599 761 2676 profitentem
783 2599 875 2658 mulla
901 2617 930 2656 se
954 2597 987 2656 dc
1010 2617 1041 2656 eo
1068 2597 1191 2656 consilio
1216 2615 1318 2656 secum

166 2695 346 2756 collocutum
364 2713 429 2754 esse
451 2714 575 2774 eamque
594 2713 718 2774 paruam
734 2697 816 2756 inter
836 2715 864 2756 se
887 2697 977 2756 luisse
998 2695 1223 2774 dissensionem,
1238 2695 1319 2774 quod

166 2797 230 2872 ipsc
249 2785 313 2878 (Q)
335 2813 405 2854 eum
427 2791 477 2854 ‘ah
498 2793 614 2874 ultimis
637 2791 835 2872 temporibus'
854 2813 961 2874 capere
986 2795 1142 2854 exordium
1163 2795 1320 2872 uoluisset,

166 2893 283 2952 Marcus
311 2899 411 2952 autem
442 2893 597 2970 aequalem
634 2894 738 2952 aetatis
774 2911 845 2954 suae
876 2895 1050 2954 memoriam
1087 2893 1317 2972 depoposcisset,

165 2992 354 3070 Atticumque
372 2991 431 3050 sibi
450 2989 675 3065 adsentientem,
697 3009 765 3050 cum
778 2989 902 3070 Pompei
919 2989 1023 3052 laudes
1042 3009 1212 3068 armumque
1229 3009 1317 3052 suum

165 3089 392 3149 memorabilem·
412 3089 561 3149 illustrare
581 3096 690 3168 posset,
715 3108 789 3166 quae
808 3091 846 3150 ah
866 3109 900 3148 eo
918 3089 1088 3166 praedicari
1108 3087 1211 3148 mallet
1229 3107 1317 3166 quam

167 3187 215 3249 ‘de
236 3187 330 3248 Remo
355 3195 385 3248 et.
407 3185 552 3248 Romulo’.
592 3205 771 3268 quamquam
797 3191 862 3268 ipse
893 3191 1104 3266 tergiuersatus
1132 3195 1175 3248 est
1202 3193 1228 3246 et
1254 3187 1317 3248 diu-

166 3289 308 3347 turnitate
334 3289 385 3346 otii
409 3305 441 3346 se
466 3305 567 3346 carere
592 3287 690 3367 smxit3
718 3305 788 3346 nam
813 3283 978 3346 ‘historiam
1003 3305 1058 3346 nec
1088 3289 1204 3346 institui
1228 3305 1317 3364 posse

165 3387 225 3446 nisi
252 3394 426 3466 praeparato
459 3387 519 3446 otio
547 3403 605 3446 nec
636 3385 741 3464 exiguo
772 3392 906 3466 tempore
938 3381 1062 3446 ahsolui'
1091 3387 1127 3458 (I
1147 3385 1173 3458 2,
1196 3387 1316 3460 depp).

166 3483 267 3544 Cassio
297 3491 398 3544 tamen
424 3483 513 3544 Dioni
543 3487 570 3544 si
600 3483 765 3562 credimuS,
791 3487 852 3544 iam
884 3483 918 3544 ad
950 3487 1046 3562 ipsum
1079 3501 1152 3562 opus
1181 3485 1316 3544 accessit.

164 3601 233 3642 nam
256 3583 335 3662 apud
358 3601 426 3642 eum
445 3583 478 3652 Q.
496 3583 600 3642 Folius
619 3582 746 3642 Calenus
772 3583 807 3642 ad
833 3589 943 3642 tantam
967 3581 1172 3660 inpudentiam
1198 3599 1316 3660 proces·

165 3681 240 3740 sisse
259 3679 433 3742 Ciceronem
455 3681 598 3742 declamat
616 3673 719 3763 (anno,
736 3687 772 3740 ut
789 3681 883 3760 linxit,
903 3673 1056 3762 calmi),
1077 3685 1116 3756 ut,
1139 3699 1206 3738 cum
1223 3683 1316 3742 satius

163 3813 404 3820 Q—..u-

253 3889 281 3955 1)
302 3889 411 3942 Eodem
431 3890 558 3958 tempore
583 3907 637 3958 quo
658 3887 762 3954 Cicero,
786 3889 872 3942 etiam
888 3889 976 3942 Varro
1001 3887 1146 3958 dialogum
1173 3887 1317 3942 scribebat

166 3971 216 4033 (ad
233 3969 291 4022 Att.
306 3971 369 4024 XV
384 3974 428 4035 13,
442 3973 482 4037 3),
505 3985 591 4036 quem
611 3967 888 4036 ille‘Hountu'duov
911 3969 992 4034 dicit,
1019 3969 1051 4020 de
1078 3985 1132 4036 quo
1157 3985 1239 4036 opere
1268 3967 1316 4022 diu

165 4051 327 4118 exspectato
347 4049 465 4104 obscure
481 4049 609 4118 loquitur
627 4049 665 4102 ad
682 4051 741 4102 att.
758 4049 822 4102 XVI
843 4055 885 4118 11,
900 4055 922 4104 3.

253 4141 281 4208 2)
298 4141 345 4192 Ad
361 4139 428 4192 fam.
443 4139 494 4192 XII
509 4145 580 4206 16,4
595 4139 669 4207 (Vm
685 4137 742 4192 kal.
764 4139 822 4192 lun,
840 4139 891 4210 44]
896 4141 957 4210 710)
983 4141 1035 4204 Tu,
1054 4141 1126 4192 sicut
1145 4139 1214 4192 utut
1231 4141 1315 4206 potit-

166 4219 236 4273 ottus
258 4237 297 4287 es,
320 4219 456 4290 adiungier
477 4237 519 4274 me
541 4237 624 4288 quum
643 4221 768 4288 mimum
790 4221 828 4274 od
851 4227 912 4274 tuos
934 4237 1084 4286 0000000ος
1107 4237 1224 4288 ucraque
1244 4219 1316 4272 illud

164 4315 222 4354 nou
242 4301 348 4367 dubito,
364 4303 442 4368 quie,
466 4301 491 4354 si
509 4301 577 4369 quid
599 4299 633 4354 de
651 4301 768 4354 interitu
786 4299 912 4354 Caesaris
930 4301 1041 4366 scribac,
1062 4315 1119 4354 000
1134 4301 1316 4368 patiensme

164 4381 306 4435 areim'mnm
319 4387 429 4450 portem
448 4388 474 4436 et
489 4381 532 4434 000
548 4387 575 4434 ct
592 4383 695 4436 umoris
713 4381 756 4434 000
774 4381 852 4445 ferre.
888 4379 919 4434 cf.
938 4381 973 4434 ad
992 4381 1050 4434 All.
1068 4379 1118 4432 XV
1139 4387 1162 4446 3,
1178 4387 1203 4432 2.
