3234 4950
217 387 361 433 CLXXXII
465 372 512 427 DE
534 372 764 427 SCRIPTORVM
783 372 876 427 Viris
897 374 942 427 ET
964 374 1119 427 SCRIPTIS

212 552 315 631 plures
343 556 420 613 uitas
442 562 501 604 noa
527 550 679 607 coniunxit
703 538 780 628 (uid.
802 542 837 601 G.
857 542 990 609 Schmidt
1016 548 1050 603 de
1072 544 1157 603 Ram.
1176 552 1245 605 arte
1269 548 1364 619 trop.

206 670 242 727 p.
260 646 329 733 33),
362 650 440 727 qnod
470 652 495 709 si
528 650 662 723 fecisset,
693 642 846 703 Vulcatius
875 640 1042 703 Gallicanus
1076 660 1134 701 non
1167 642 1214 703 bis
1247 640 1364 703 ‘secun-

214 748 286 809 dum
316 747 426 807 lihrum
461 748 495 807 de
528 748 591 805 uita
621 740 726 805 Marci'
749 744 857 800 citaret
886 742 937 817 (fr.
962 742 1011 799 11,
1029 742 1095 817 12),
1124 744 1173 817 qui
1205 742 1325 819 quidem
1349 760 1363 801 a

215 846 282 905 Veri
304 854 401 907 marte
424 848 544 907 initium
567 851 695 923 ceperat.
731 849 834 899 contra
855 840 987 899 distinxit
1009 858 1056 899 aas
1077 838 1266 899 breuioribus
1286 844 1363 919 capi-

211 944 294 1004 tibus
316 946 370 1021 (cf.
390 946 461 1005 Birt
484 946 671 1003 Buchwesen
687 960 723 1017 p.
742 940 890 1015 15711),
918 938 999 997 uelut
1031 938 1134 999 Seueri
1163 946 1289 1019 1611161111
1323 942 1364 997 sic

211 1044 293 1103 enim
318 1040 550 1118 1119111111
577 1036 764 1117 septenaria'
797 1036 1029 1115 intellegendum
1064 1044 1109 1095 est
1139 1030 1191 1117 (cf.
1217 1042 1363 1113 dicarint,

211 1143 359 1201 denarius
381 1133 573 1222 similiaque),
603 1158 661 1217 quo
682 1138 793 1197 Marius
816 1136 963 1195 Maximus
986 1134 1023 1195 de
1046 1154 1101 1195 auo
1125 1144 1248 1213 paterna
1275 1134 1363 1195 Getae

211 1246 312 1315 egerat
340 1238 388 1297 uel
418 1238 453 1297 de
481 1247 564 1315 patre
596 1238 701 1297 Seueri
730 1237 853 1313 eiusque
883 1240 1047 1293 stemmata.
1086 1236 1164 1311 ipsas
1193 1242 1290 1295 autem
1316 1252 1362 1295 res

212 1338 324 1397 ratione
356 1336 502 1413 Suetonii,
533 1340 551 1395 i.
575 1354 601 1397 6.
624 1332 809 1413 ‘singillatim
844 1352 938 1411 neque
972 1350 1027 1411 per
1058 1338 1191 1409 tempora
1226 1334 1279 1393 sed
1310 1350 1364 1411 per

210 1432 339 1513 species>
359 1454 427 1495 eum
445 1442 638 1513 persecutum
658 1452 724 1493 esse
739 1434 861 1505 (Gescb.
878 1432 948 1493 1111.
966 1430 1124 1507 1111328
1142 1434 1217 1507 sqq.)
1242 1450 1278 1491 611
1301 1434 1362 1491 nita

208 1534 352 1593 Antonini
381 1534 428 1591 Pii
462 1534 596 1593 emimus
619 1534 692 1605 (Dte
717 1530 1164 1607 5111111111111161111,
1195 1548 1278 1609 qaae,
1307 1532 1363 1591 etsi

208 1630 282 1691 ordo
310 1632 477 1691 secundam
504 1629 674 1711 exemplum
701 1630 783 1689 illius
811 1628 972 1707 dispositus
997 1646 1013 1687 a
1037 1626 1211 1707 Capitoline,
1234 1646 1301 1687 cum
1328 1628 1361 1687 ab

208 1747 243 1787 eo
272 1750 332 1789 non
359 1738 536 1807 perspectus
567 1736 661 1807 esset,
688 1746 779 1805 saepe
805 1726 981 1787 obscuratus
1011 1726 1059 1785 uel
1088 1726 1280 1803 perturbatus
1309 1732 1361 1805 est,

207 1834 307 1889 tamen
330 1832 411 1888 uitae
429 1828 579 1887 Marianae
603 1828 762 1905 imaginem
787 1828 919 1885 omnium
937 1826 1096 1885 uerissime
1116 1828 1361 1903 repraesentandi.

208 1924 371 1987 deduxerat
388 1930 481 2005 igitur
499 1934 656 1985 stemmate
673 1926 826 2004 proposito
847 1926 1055 2001 imperatorem
1076 1940 1128 2001 per
1148 1924 1238 1983 uitam
1265 1926 1361 2003 priua·

207 2032 268 2083 tam
284 2044 465 2103 cursumque
478 2026 624 2083 honorum
640 2026 794 2101 faustaque
807 2026 907 2081 omina
921 2040 1017 2099 usque
1031 2018 1066 2081 ad
1082 2024 1178 2099 ipsum
1195 2024 1360 2103 imperium,
1378 2038 1379 2041 ’

208 2122 424 2202 descripserat,
453 2140 528 2201 quae
555 2123 654 2182 lactus
675 2124 840 2201 imperator
861 2120 938 2179 bella
964 2122 1111 2199 gessisset,
1139 2122 1232 2197 qualis
1258 2122 1361 2183 brissei

205 2218 353 2281 aduersus
382 2224 568 2299 prouincias,
602 2228 750 2297 senatum,
784 2222 966 2299 propinquas
999 2218 1180 2295 amitasque,
1212 2218 1359 2279 subiectos

205 2318 366 2397 hostesque
394 2320 527 2398 imperii,
557 2329 620 2379 tum
650 2322 777 2395 uictum,
808 2318 1017 2377 liberalitatem
1048 2316 1199 2395 publicam
1232 2318 1359 2377 alemen-

205 2416 351 2498 tiamque,
388 2420 595 2480 auctoritatem
631 2416 711 2498 apud
746 2425 877 2496 exteros,
916 2418 1056 2496 pietatem
1095 2414 1359 2496 liberalitatemque

205 2513 354 2576 aduersus
375 2521 519 2594 priuatas,
539 2519 720 2594 ciuilitatem,
747 2515 830 2594 leges
858 2515 1212 2594 adrninistratianemquc,
1233 2513 1359 2594 denique

205 2624 333 2676 mortem
361 2621 644 2694 testamentumque,
673 2622 826 2690 staturam,
854 2615 982 2674 honores
1013 2615 1040 2672 ei
1069 2621 1184 2672 mortno
1217 2613 1359 2674 decretos.

204 2719 294 2788 atque
321 2713 370 2774 hie
400 2713 519 2792 quidem
547 2715 619 2774 orda
649 2713 716 2792 plns
742 2715 881 2772 minusue
911 2719 1045 2772 seruatus
1082 2713 1167 2772 etiam
1202 2731 1257 2792 per
1288 2711 1359 2774 alias

203 2809 348 2872 historiae
373 2814 523 2888 Augustae
550 2815 627 2872 uitas
656 2813 767 2890 prioris
797 2813 892 2888 partis
921 2803 1031 2892 (usque
1060 2809 1096 2870 ad
1121 2807 1356 2896 Heliogabalum)

204 2909 341 2986 perlucet
360 2912 432 2982 (Dte
452 2913 519 2970 Ser.
538 2915 565 2971 h.
587 2914 621 2972 Α.
635 2909 891 2986 11102-153),
916 2927 930 2968 a
952 2927 1008 2988 qno
1033 2915 1065 2968 ut
1091 2907 1246 2968 discedens
1266 2911 1358 2970 uitam

203 3005 297 3068 Marci
319 3017 416 3068 morte
434 3009 503 3068 Veri
527 3011 557 3068 111
586 3011 659 3068 duos
680 3007 774 3068 libros
798 3005 956 3086 diuideret,
979 3015 1009 3068 et
1032 3006 1107 3068 mole
1134 3025 1233 3068 rerum
1259 3017 1287 3068 et
1312 3029 1356 3068 so·

205 3107 312 3166 6161116
337 3109 457 3184 imperii
480 3107 625 3186 impulsus
652 3116 703 3168 est.

155 3276 157 3279 Ι
295 3205 354 3266 Sed
376 3209 433 3266 etsi
457 3207 534 3264 hanc
555 3207 680 3266 formam
706 3205 841 3266 Suetonii
858 3205 969 3266 Marius
987 3205 1132 3264 Maximus
1157 3209 1288 3266 imitatas
1314 3215 1359 3266 est

203 3309 293 3380 atque
321 3323 357 3362 ex
386 3323 421 3362 ea
448 3312 546 3362 certos
576 3305 690 3364 dierum
724 3305 963 3364 memorabilium
989 3321 1130 3362 numeros
1161 3305 1296 3384 retinnit,
1328 3307 1357 3364 in

201 3401 378 3462 uniuersum
404 3410 501 3462 tamen
527 3403 654 3481 repleuit
676 3421 741 3462 eam
767 3401 870 3480 longe
899 3403 1041 3462 diuersa
1065 3405 1223 3462 materia.
1261 3421 1356 3482 aeque

202 3501 285 3560 enim
307 3499 453 3560 breuitate
478 3499 650 3580 excellebat,
668 3503 759 3560 immo
779 3503 902 3578 opponit
920 3501 1116 3560 Suetonianae
1140 3505 1203 3560 eius
1222 3501 1355 3560 nerbasi-

201 3604 293 3656 tatem
311 3599 456 3676 Vopiscus
475 3599 567 3658 Ftrm.
590 3601 618 3675 I,
643 3617 731 3678 quem
756 3600 846 3658 etiam
868 3599 1083 3678 mythistoricis
1102 3617 1134 3658 se
1154 3599 1355 3660 uoluminibus

201 3695 407 3772 implieauisse
430 3695 515 3774 dicit,
539 3697 638 3758 laudat
663 3697 858 3775 diligentiam,
887 3697 921 3756 ad
952 3715 1038 3776 quam
1073 3697 1205 3774 legentes
1234 3699 1355 3776 releget,

202 3791 384 3870 Capitolinus
402 3797 459 3871 (fr.
475 3795 541 3872 25),
560 3799 676 3874 copiam
691 3797 865 3874 Spartianus
882 3797 939 3872 (fr.
962 3797 1027 3868 19).
1052 3795 1237 3856 alliciebatur
1258 3803 1354 3856 antam

201 3909 261 3950 nan
282 3893 375 3952 solum
401 3893 585 3952 orationibus
609 3893 812 3970 epistulisque,
839 3911 911 3970 quas
934 3903 1056 3972 propter
1082 3895 1204 3954 nimiam
1227 3895 1354 3974 longitu-

202 3989 303 4050 dinem
337 3989 519 4068 Capitoliaus
550 3993 683 4052 inserere
718 3991 811 4052 noluit
845 3993 902 4068 (fr.
921 3995 972 4052 17.
992 3993 1043 4052 18.
1075 3993 1272 4072 1111116),
1305 3993 1353 4052 uel

201 4087 390 4148 sermonibus
418 4091 543 4166 (11.2),
572 4089 623 4150 sed
658 4091 746 4148 etiam
778 4089 917 4150 uersibus
951 4093 981 4150 in
1017 4089 1167 4150 Commodi
1207 4097 1352 4152 tumorem

199 4233 264 4300 ipsa
284 4249 365 4286 nemo
388 4235 486 4286 auctor
508 4235 612 4288 citatur
641 4238 669 4288 et
691 4235 846 4288 secundum
869 4235 1059 4288 Herodianum
1094 4235 1124 4288 in
1152 4237 1351 4292 retractatione

200 4313 362 4368 adhibitum
371 4313 434 4382 (Die
445 4313 600 4382 Scriptores
612 4315 677 4369 hist.
688 4318 761 4384 Aug.
772 4335 797 4384 p.
807 4321 842 4368 76
853 4333 894 4382 sq.
907 4319 966 4384 148)
982 4315 1107 4386 Opellius
1124 4333 1233 4386 semper
1244 4317 1351 4372 Graeca

129 4471 132 4474 ⁴
199 4395 321 4448 nominis
341 4395 431 4448 forma
451 4395 618 4462 appellatur.
642 4397 673 4450 V.
685 4397 762 4449 infra
780 4415 805 4466 p.
824 4415 940 4448 6111111111
953 4415 990 4464 sq.
