3234 4950
249 362 312 425 152
384 360 494 414 VITAE
513 358 617 413 AVOT.
633 360 660 411 A
676 356 877 411 TREBELLIO
899 356 943 411 ET
965 356 987 409 A
1006 356 1158 411 vopisco
1177 354 1266 409 NOM.

168 528 229 605 27—ss-
247 530 349 607 regina
375 530 498 587 orientis
526 524 682 587 Aureliano
711 525 851 603 Augusto.
887 544 974 585 nemo
1006 524 1101 585 adhue
1132 530 1250 605 praeter
1280 532 1307 583 te
1337 524 1392 585 boo

159 618 227 665 1⁰²⁶
247 626 324 705 quod
343 628 450 705 poseiS,
471 626 577 685 litteris
597 626 678 703 petit.
708 626 819 683 uirtute
841 622 1006 683 laciendum
1028 630 1070 683 est
1091 622 1232 703 quidquid
1250 626 1283 683 in
1301 622 1392 683 rebus

246 724 362 785 bellicis
379 732 426 785 est
442 722 614 803 gerendum.
648 722 827 783 deditionem
847 740 940 783 meam
961 724 1046 803 petie,
1070 724 1156 801 quasi
1173 722 1289 783 nescias
1308 722 1391 783 Cleo-

245 833 360 903 patram
387 824 521 901 reginam
547 822 647 899 perire
674 820 814 881 maluisse
845 840 928 899 quam
959 822 989 881 'm
1017 820 1146 901 qualibet
1168 822 1273 881 uiuere
1297 818 1391 899 digai-

246 932 312 983 tate.
336 921 423 983 uobis
444 922 604 981 Persarum
621 918 730 979 auxilia
746 936 806 979 non
832 920 946 995 desunt,
973 938 1045 999 quaa
1068 920 1126 979 iam
1152 938 1313 997 speramus,
1337 936 1391 997 pro
1418 940 1429 981 e

245 1022 330 1081 nobis
356 1028 426 1079 suut
447 1020 597 1095 Saraceni,
618 1038 673 1097 pro
694 1016 783 1079 nobis
804 1018 944 1079 Armenii.
982 1018 1110 1079 latrones
1135 1018 1202 1097 Spri
1228 1018 1391 1079 exercitum

247 1129 337 1199 tuum,
358 1118 521 1194 Aureliane,
540 1120 692 1177 uicerunt:
719 1116 810 1194 quid?
835 1118 860 1177 si
878 1118 971 1195 igitur
988 1116 1039 1177 illa
1056 1118 1174 1177 uenerit
1192 1136 1296 1177 manus
1316 1136 1391 1195 quae

244 1218 375 1295 undique
410 1225 558 1295 speratur,
591 1234 683 1293 pones
716 1216 848 1293 profecto
880 1214 1087 1295 supercilium,
1119 1234 1175 1295 quo
1211 1234 1289 1275 nuno
1316 1216 1391 1275 mihi

245 1315 434 1395 deditionem,
462 1316 548 1393 quasi
577 1314 763 1375 omnifariam
795 1314 906 1393 uictor,
936 1310 1088 1391 imperas?
1123 1314 1207 1373 Hanc
1234 1314 1390 1391 epistulam

245 1414 440 1475 Nicomachus
471 1432 501 1473 se
530 1412 719 1473 transtulisse
744 1412 778 1471 in
801 1412 945 1473 Graecum
973 1430 1005 1473 er
1031 1412 1128 1491 lingua
1155 1412 1294 1491 Syrorum
1319 1412 1391 1471 dicit
1406 1438 1429 1475 m

244 1512 279 1571 ab
307 1514 373 1590 ipsa
399 1510 528 1571 Zenobia
558 1511 704 1571 dictatam.
746 1528 814 1571 nam
847 1510 896 1571 illa
929 1514 1064 1591 superior
1098 1509 1245 1571 Aureliani
1280 1508 1390 1571 Graeca

243 1610 333 1671 missa
359 1618 412 1669 est.

646 1786 986 1861 ascensionum

333 1943 367 2011 l.
397 1952 512 2027 Vopisr.
533 1951 609 2009 Ater.
629 1950 728 2024 rw
757 1948 940 2011 Verconnius
975 1950 1187 2027 Herennianus
1221 1950 1388 2035 praelectus

244 2048 383 2128 praetorii
402 2048 584 2127 Diocletiani,
606 2055 680 2107 teste
697 2046 904 2127 Asclepiodoto
928 2066 1016 2127 saepe
1042 2048 1157 2107 dicebat
1174 2046 1388 2123 Diocletianum

244 2150 416 2225 trequenter
452 2146 575 2223 dixisse,
614 2164 682 2205 cum
718 2144 885 2205 Maximiani
923 2148 1112 2225 asperitatem
1148 2144 1427 2225 reprehendamus

243 2244 475 2303 barrelianum
498 2246 593 2321 magis
618 2243 723 2303 ducem
745 2262 811 2303 esse
838 2244 975 2305 debuisse
998 2264 1086 2323 quam
1108 2246 1283 2323 prinoipem.
1320 2264 1388 2305 narn

243 2342 308 2401 eius
334 2344 428 2401 nimia
449 2342 587 2403 lerooitas
617 2341 712 2402 eidem
738 2340 920 2423 displicebat.
958 2342 1093 2403 mirabile
1120 2342 1244 2403 fortasse
1269 2342 1388 2405 uidetur

243 2440 321 2520 quod
344 2449 518 2520 conpertum
543 2439 723 2502 Diocletiano
746 2439 971 2520 Asclepiodotus
995 2438 1112 2502 Celsino
1141 2440 1308 2502 consiliario
1335 2460 1386 2502 suo

244 2539 353 2598 dixisse
383 2540 533 2618 perhibet,
565 2538 618 2600 sed
648 2539 683 2599 de
711 2539 766 2598 hoc
797 2541 910 2620 posteri
940 2539 1121 2600 iudicabunt.
1162 2537 1277 2600 dicebat
1307 2541 1386 2600 enim

243 2637 369 2716 quodam
390 2645 524 2716 ternpore
544 2638 734 2698 Aurelianum
752 2637 917 2700 Gallicanas
936 2637 1121 2698 consuluisse
1143 2637 1265 2716 dryadas
1287 2639 1386 2698 scisci·
1402 2663 1426 2702 ao

241 2744 362 2814 tantem,
390 2744 493 2796 utrurn
525 2735 603 2815 apud
633 2739 696 2796 eius
728 2745 863 2814 posteros
894 2739 1052 2814 Imperium
1085 2743 1287 2816 permaneret,
1320 2757 1386 2796 eum

241 2834 306 2892 illas
323 2835 513 2912 respondisse
535 2834 609 2893 dixit
630 2835 742 2894 nullius
765 2835 872 2896 elarius
892 2837 923 2896 in
943 2853 977 2894 re
994 2855 1022 2914 p.
1039 2853 1145 2896 nomen
1166 2853 1252 2912 (piram
1274 2835 1387 2896 Claudii

240 2941 428 3012 posterorum
449 2933 591 2994 futurum.

606 3183 803 3258 AVRELH
829 3183 1019 3258 ausilii

329 3339 363 3408 l.
393 3347 461 3422 Vop.
483 3347 574 3407 Fiam
597 3347 665 3420 d,1
705 3345 786 3406 Haeo
813 3363 866 3406 nos
896 3345 931 3408 do
960 3345 1075 3406 Firmo
1106 3351 1279 3426 cognouisse
1307 3351 1384 3408 scire

242 3442 382 3522 debuisti,
415 3443 467 3504 sed
500 3445 587 3522 digna
615 3451 788 3504 memoratu.
825 3463 892 3504 nam
923 3463 969 3522 ea,
997 3463 1071 3522 quae
1108 3445 1142 3504 de
1171 3445 1221 3504 illo
1248 3445 1424 3516 Aurelius25

240 3639 367 3700 eundem
393 3648 510 3720 oportet
537 3641 627 3719 legas,
654 3641 782 3702 maxime
808 3661 875 3702 oum
901 3641 979 3702 dicat
1000 3641 1130 3702 Firmum
1158 3643 1285 3703 eundern
1307 3645 1385 3702 inter

327 3829 356 3884 1.
375 3831 421 3882 De
438 3831 627 3900 Asclepiodoto
648 3831 707 3886 eec'd.
729 3831 840 3900 Prosop.
862 3831 881 3884 Ι
897 3849 927 3900 p.
946 3837 1001 3886 190
1024 3837 1129 3898 a.158‚
1156 3835 1186 3886 de
1207 3835 1383 3900 Ver·ooo(u)a'o

239 3903 305 3954 Her.
320 3903 455 3970 Boapbera'
475 3903 522 3970 Op.
540 3903 570 3954 X
582 3919 614 3972 p.
629 3907 691 3956 147.
721 3903 776 3955 Die
796 3903 892 3972 Serapi.
910 3905 970 3958 laist.
986 3903 1056 3974 aba
1069 3921 1099 3972 p.
1116 3909 1189 3972 dep,
1204 3921 1291 3972 supra
1300 3921 1329 3972 p.
1349 3927 1382 3960 oo.

327 4099 356 4154 4.
376 4097 553 4170 captiuitate
567 4101 719 4158 Baehrens
734 4118 803 4158 areu.
815 4101 877 4158 133
886 4119 920 4172 p.
931 4101 995 4160 223
1066 4103 1115 4160 10.
1135 4101 1345 4160 nichomachus
1359 4103 1385 4158 P

328 4179 362 4265 l,
387 4189 437 4244 18.
459 4181 520 4265 (a)
534 4187 629 4248 Dioel.
642 4191 809 4248 Mommsen
823 4191 925 4248 Horou.
937 4191 1034 4248 XXV
1044 4209 1074 4266 p.
1092 4191 1158 4250 258
1249 4193 1298 4252 19.
1317 4211 1381 4266 per-

237 4275 356 4334 hibetur
373 4277 401 4332 P
519 4279 764 4338 anconitanus
779 4281 809 4336 P
914 4279 1079 4338 Gallicanas
1100 4281 1135 4338 L.
1152 4281 1230 4340 Paul
1243 4281 1379 4340 Flaoleais.

238 4384 307 4424 uun.
323 4366 432 4440 1451).
448 4367 513 4426 795
525 4383 567 4442 sq.
659 4371 707 4426 22.
733 4386 779 4426 res
802 4387 820 4440 p
847 4371 875 4426 P
