<?xml version="1.0" encoding="UTF-8"?>
<!DOCTYPE html PUBLIC "-//W3C//DTD XHTML 1.0 Transitional//EN"
    "http://www.w3.org/TR/xhtml1/DTD/xhtml1-transitional.dtd">
<html xmlns="http://www.w3.org/1999/xhtml" xml:lang="en" lang="en">
 <head>
  <title>
</title>
<meta http-equiv="Content-Type" content="text/html;charset=utf-8" />
  <meta name='ocr-system' content='tesseract 3.04.00' />
  <meta name='ocr-capabilities' content='ocr_page ocr_carea ocr_par ocr_line ocrx_word'/>
</head>
<body>
  <div class='ocr_page' id='page_1' title='image "./historicorumrom03petegoog_0260.png"; bbox 0 0 3234 4950; ppageno 0'>
   <div class='ocr_carea' id='block_1_1' title="bbox 214 363 914 424">
    <p class='ocr_par' dir='ltr' id='par_1_1' title="bbox 214 363 914 424">
     <span class='ocr_line' id='line_1_1' title="bbox 214 363 914 424; baseline 0 -8"><span class='ocrx_word' id='word_1_1' title='bbox 214 363 259 424; x_wconf 73' lang='grc'>42</span> <span class='ocrx_word' id='word_1_2' title='bbox 665 363 808 416; x_wconf 84' lang='lat' dir='ltr'><strong>MVNATI</strong></span> <span class='ocrx_word' id='word_1_3' title='bbox 827 363 914 416; x_wconf 79' lang='lat' dir='ltr'>RVFI</span> 
     </span>
    </p>
   </div>
   <div class='ocr_carea' id='block_1_2' title="bbox 212 531 1406 2384">
    <p class='ocr_par' dir='ltr' id='par_1_2' title="bbox 212 531 1406 2384">
     <span class='ocr_line' id='line_1_2' title="bbox 214 531 1365 613; baseline -0.002 -23"><span class='ocrx_word' id='word_1_4' title='bbox 214 531 247 590; x_wconf 89' lang='lat' dir='ltr'>L.</span> <span class='ocrx_word' id='word_1_5' title='bbox 265 532 436 613; x_wconf 72' lang='lat' dir='ltr'>Arruntius,</span> <span class='ocrx_word' id='word_1_6' title='bbox 457 536 507 594; x_wconf 90' lang='lat' dir='ltr'>uir</span> <span class='ocrx_word' id='word_1_7' title='bbox 525 553 611 594; x_wconf 85' lang='lat' dir='ltr'>rarae</span> <span class='ocrx_word' id='word_1_8' title='bbox 628 533 813 611; x_wconf 71' lang='lat' dir='ltr'>frugalitatis</span> <span class='ocrx_word' id='word_1_9' title='bbox 833 533 883 610; x_wconf 89' lang='lat' dir='ltr'>qni</span> <span class='ocrx_word' id='word_1_10' title='bbox 903 533 1042 592; x_wconf 76' lang='lat' dir='ltr'>historias</span> <span class='ocrx_word' id='word_1_11' title='bbox 1060 531 1129 591; x_wconf 91' lang='lat' dir='ltr'>helli</span> <span class='ocrx_word' id='word_1_12' title='bbox 1149 531 1253 590; x_wconf 85' lang='lat' dir='ltr'>Punici</span> <span class='ocrx_word' id='word_1_13' title='bbox 1274 531 1365 608; x_wconf 88' lang='lat' dir='ltr'>scrip·</span> 
     </span>
     <span class='ocr_line' id='line_1_3' title="bbox 215 629 1366 710; baseline 0 -22"><span class='ocrx_word' id='word_1_14' title='bbox 215 631 262 707; x_wconf 76' lang='lat' dir='ltr'>sit,</span> <span class='ocrx_word' id='word_1_15' title='bbox 282 629 337 690; x_wconf 87' lang='lat' dir='ltr'>luit</span> <span class='ocrx_word' id='word_1_16' title='bbox 358 633 554 692; x_wconf 76' lang='lat' dir='ltr'><strong>Sallustianus</strong></span> <span class='ocrx_word' id='word_1_17' title='bbox 571 642 602 692; x_wconf 87' lang='lat' dir='ltr'>et</span> <span class='ocrx_word' id='word_1_18' title='bbox 619 635 651 690; x_wconf 91' lang='lat' dir='ltr'>in</span> <span class='ocrx_word' id='word_1_19' title='bbox 673 631 745 692; x_wconf 88' lang='lat' dir='ltr'>illud</span> <span class='ocrx_word' id='word_1_20' title='bbox 762 649 857 710; x_wconf 81' lang='lat' dir='ltr'>genus</span> <span class='ocrx_word' id='word_1_21' title='bbox 875 631 982 690; x_wconf 87' lang='lat' dir='ltr'>nitens.</span> <span class='ocrx_word' id='word_1_22' title='bbox 1020 637 1064 690; x_wconf 87' lang='lat' dir='ltr'>est</span> <span class='ocrx_word' id='word_1_23' title='bbox 1085 629 1162 710; x_wconf 89' lang='lat' dir='ltr'>apud</span> <span class='ocrx_word' id='word_1_24' title='bbox 1181 629 1366 690; x_wconf 82' lang='lat' dir='ltr'>Sallustium:</span> 
     </span>
     <span class='ocr_line' id='line_1_4' title="bbox 214 725 1365 808; baseline 0 -22"><span class='ocrx_word' id='word_1_25' title='bbox 214 725 390 788; x_wconf 72' lang='lat' dir='ltr'>‘exereitum</span> <span class='ocrx_word' id='word_1_26' title='bbox 415 737 537 808; x_wconf 83' lang='lat' dir='ltr'>argento</span> <span class='ocrx_word' id='word_1_27' title='bbox 563 727 654 808; x_wconf 72' lang='lat' dir='ltr'>lecit,</span> <span class='ocrx_word' id='word_1_28' title='bbox 682 729 712 788; x_wconf 93' lang='lat' dir='ltr'>id</span> <span class='ocrx_word' id='word_1_29' title='bbox 742 737 788 790; x_wconf 91' lang='lat' dir='ltr'>est</span> <span class='ocrx_word' id='word_1_30' title='bbox 813 731 938 808; x_wconf 86' lang='lat' dir='ltr'>pecunia</span> <span class='ocrx_word' id='word_1_31' title='bbox 967 731 1096 808; x_wconf 87' lang='lat' dir='ltr'>parauit:</span> <span class='ocrx_word' id='word_1_32' title='bbox 1123 729 1179 788; x_wconf 90' lang='lat' dir='ltr'>hoc</span> <span class='ocrx_word' id='word_1_33' title='bbox 1207 727 1365 788; x_wconf 73' lang='lat' dir='ltr'>Arruntius</span> 
     </span>
     <span class='ocr_line' id='line_1_5' title="bbox 215 823 1365 910; baseline 0 -26"><span class='ocrx_word' id='word_1_34' title='bbox 215 845 314 886; x_wconf 90' lang='lat' dir='ltr'>amare</span> <span class='ocrx_word' id='word_1_35' title='bbox 337 831 442 908; x_wconf 72' lang='lat' dir='ltr'>coepit</span> <span class='ocrx_word' id='word_1_36' title='bbox 465 831 565 910; x_wconf 81' lang='lat' dir='ltr'>posuit</span> <span class='ocrx_word' id='word_1_37' title='bbox 582 829 657 888; x_wconf 89' lang='lat' dir='ltr'>illud</span> <span class='ocrx_word' id='word_1_38' title='bbox 676 827 813 888; x_wconf 88' lang='lat' dir='ltr'>omnihus</span> <span class='ocrx_word' id='word_1_39' title='bbox 831 829 954 906; x_wconf 79' lang='lat' dir='ltr'>paginis.</span> <span class='ocrx_word' id='word_1_40' title='bbox 994 823 1022 886; x_wconf 86' lang='lat' dir='ltr'>i.</span> <span class='ocrx_word' id='word_1_41' title='bbox 1049 827 1119 888; x_wconf 89' lang='lat' dir='ltr'>dicit</span> <span class='ocrx_word' id='word_1_42' title='bbox 1142 827 1267 906; x_wconf 85' lang='lat' dir='ltr'>quodam</span> <span class='ocrx_word' id='word_1_43' title='bbox 1288 825 1365 886; x_wconf 90' lang='lat' dir='ltr'>loco:</span> 
     </span>
     <span class='ocr_line' id='line_1_6' title="bbox 216 922 1391 1005; baseline -0.002 -23"><span class='ocrx_word' id='word_1_44' title='bbox 216 922 337 1004; x_wconf 81' lang='lat' dir='ltr'>‘Fugam</span> <span class='ocrx_word' id='word_1_45' title='bbox 362 930 471 986; x_wconf 87' lang='lat' dir='ltr'>nostris</span> <span class='ocrx_word' id='word_1_46' title='bbox 496 923 615 1005; x_wconf 78' lang='lat' dir='ltr'>lecere’,</span> <span class='ocrx_word' id='word_1_47' title='bbox 642 925 673 986; x_wconf 78' lang='lat'>2.</span> <span class='ocrx_word' id='word_1_48' title='bbox 696 927 753 986; x_wconf 89' lang='lat' dir='ltr'>alio</span> <span class='ocrx_word' id='word_1_49' title='bbox 777 927 855 986; x_wconf 91' lang='lat' dir='ltr'>loco:</span> <span class='ocrx_word' id='word_1_50' title='bbox 878 923 993 1004; x_wconf 53' lang='lat' dir='ltr'>hilaro,</span> <span class='ocrx_word' id='word_1_51' title='bbox 1022 945 1074 986; x_wconf 84' lang='lat' dir='ltr'>ren</span> <span class='ocrx_word' id='word_1_52' title='bbox 1105 925 1391 1004; x_wconf 60' lang='lat' dir='ltr'>Syracusancrunnr,</span> 
     </span>
     <span class='ocr_line' id='line_1_7' title="bbox 214 1021 1365 1104; baseline 0 -22"><span class='ocrx_word' id='word_1_53' title='bbox 214 1023 324 1083; x_wconf 86' lang='lat' dir='ltr'>bellum</span> <span class='ocrx_word' id='word_1_54' title='bbox 350 1023 439 1104; x_wconf 76' lang='lat' dir='ltr'>lecit’,</span> <span class='ocrx_word' id='word_1_55' title='bbox 462 1023 492 1086; x_wconf 81' lang='lat'>3.</span> <span class='ocrx_word' id='word_1_56' title='bbox 517 1025 627 1086; x_wconf 89' lang='lat' dir='ltr'>etalio</span> <span class='ocrx_word' id='word_1_57' title='bbox 650 1025 729 1086; x_wconf 92' lang='lat' dir='ltr'>loco:</span> <span class='ocrx_word' id='word_1_58' title='bbox 751 1021 845 1094; x_wconf 74' lang='lat' dir='ltr'>‘Quae</span> <span class='ocrx_word' id='word_1_59' title='bbox 869 1025 968 1084; x_wconf 89' lang='lat' dir='ltr'>audita</span> <span class='ocrx_word' id='word_1_60' title='bbox 989 1025 1233 1084; x_wconf 83' lang='lat' dir='ltr'>Panhormitanos</span> <span class='ocrx_word' id='word_1_61' title='bbox 1258 1023 1365 1082; x_wconf 90' lang='lat' dir='ltr'>dedere</span> 
     </span>
     <span class='ocr_line' id='line_1_8' title="bbox 214 1121 1366 1202; baseline -0.001 -21"><span class='ocrx_word' id='word_1_62' title='bbox 214 1121 354 1184; x_wconf 89' lang='lat' dir='ltr'>Romanis</span> <span class='ocrx_word' id='word_1_63' title='bbox 386 1121 505 1185; x_wconf 81' lang='lat' dir='ltr'>fecere’</span> <span class='ocrx_word' id='word_1_64' title='bbox 544 1133 663 1202; x_wconf 80' lang='lat' dir='ltr'>gustum</span> <span class='ocrx_word' id='word_1_65' title='bbox 694 1125 750 1184; x_wconf 89' lang='lat' dir='ltr'>tihi</span> <span class='ocrx_word' id='word_1_66' title='bbox 785 1123 854 1184; x_wconf 91' lang='lat' dir='ltr'>dare</span> <span class='ocrx_word' id='word_1_67' title='bbox 883 1123 978 1184; x_wconf 89' lang='lat' dir='ltr'>uolui:</span> <span class='ocrx_word' id='word_1_68' title='bbox 1010 1129 1090 1184; x_wconf 74' lang='lat' dir='ltr'>tritus</span> <span class='ocrx_word' id='word_1_69' title='bbox 1121 1123 1168 1182; x_wconf 91' lang='lat' dir='ltr'>his</span> <span class='ocrx_word' id='word_1_70' title='bbox 1198 1123 1366 1182; x_wconf 77' lang='lat' dir='ltr'>contexitur</span> 
     </span>
     <span class='ocr_line' id='line_1_9' title="bbox 214 1219 1365 1302; baseline 0.001 -23"><span class='ocrx_word' id='word_1_71' title='bbox 214 1219 299 1281; x_wconf 87' lang='lat' dir='ltr'>liber.</span> <span class='ocrx_word' id='word_1_72' title='bbox 328 1241 403 1300; x_wconf 89' lang='lat' dir='ltr'>quae</span> <span class='ocrx_word' id='word_1_73' title='bbox 428 1223 505 1302; x_wconf 90' lang='lat' dir='ltr'>apud</span> <span class='ocrx_word' id='word_1_74' title='bbox 524 1223 696 1282; x_wconf 79' lang='lat' dir='ltr'>Sallustium</span> <span class='ocrx_word' id='word_1_75' title='bbox 722 1241 788 1282; x_wconf 86' lang='lat' dir='ltr'>rara</span> <span class='ocrx_word' id='word_1_76' title='bbox 811 1223 939 1300; x_wconf 83' lang='lat' dir='ltr'>luerunt,</span> <span class='ocrx_word' id='word_1_77' title='bbox 966 1223 1042 1300; x_wconf 89' lang='lat' dir='ltr'>apud</span> <span class='ocrx_word' id='word_1_78' title='bbox 1065 1221 1144 1280; x_wconf 89' lang='lat' dir='ltr'>hmrc</span> <span class='ocrx_word' id='word_1_79' title='bbox 1169 1221 1272 1280; x_wconf 91' lang='lat' dir='ltr'>crehra</span> <span class='ocrx_word' id='word_1_80' title='bbox 1297 1227 1365 1282; x_wconf 91' lang='lat' dir='ltr'>sunt</span> 
     </span>
     <span class='ocr_line' id='line_1_10' title="bbox 214 1319 1364 1400; baseline 0 -22"><span class='ocrx_word' id='word_1_81' title='bbox 214 1325 246 1378; x_wconf 91' lang='lat' dir='ltr'>et</span> <span class='ocrx_word' id='word_1_82' title='bbox 270 1339 366 1398; x_wconf 89' lang='lat' dir='ltr'>paene</span> <span class='ocrx_word' id='word_1_83' title='bbox 392 1325 546 1400; x_wconf 79' lang='lat' dir='ltr'>continua,</span> <span class='ocrx_word' id='word_1_84' title='bbox 572 1339 628 1380; x_wconf 86' lang='lat' dir='ltr'>nee</span> <span class='ocrx_word' id='word_1_85' title='bbox 657 1323 721 1382; x_wconf 86' lang='lat' dir='ltr'>sine</span> <span class='ocrx_word' id='word_1_86' title='bbox 750 1339 851 1380; x_wconf 89' lang='lat' dir='ltr'>eausa:</span> <span class='ocrx_word' id='word_1_87' title='bbox 879 1319 929 1378; x_wconf 90' lang='lat' dir='ltr'>ille</span> <span class='ocrx_word' id='word_1_88' title='bbox 953 1321 1032 1380; x_wconf 90' lang='lat' dir='ltr'>enim</span> <span class='ocrx_word' id='word_1_89' title='bbox 1056 1321 1086 1378; x_wconf 92' lang='lat' dir='ltr'>in</span> <span class='ocrx_word' id='word_1_90' title='bbox 1111 1319 1182 1380; x_wconf 90' lang='lat' dir='ltr'>haec</span> <span class='ocrx_word' id='word_1_91' title='bbox 1206 1319 1364 1398; x_wconf 77' lang='lat' dir='ltr'>incidebat,</span> 
     </span>
     <span class='ocr_line' id='line_1_11' title="bbox 214 1416 1406 1498; baseline -0.005 -21"><span class='ocrx_word' id='word_1_92' title='bbox 214 1426 245 1478; x_wconf 88' lang='lat' dir='ltr'>at.</span> <span class='ocrx_word' id='word_1_93' title='bbox 270 1419 319 1478; x_wconf 89' lang='lat' dir='ltr'>hie</span> <span class='ocrx_word' id='word_1_94' title='bbox 350 1421 400 1479; x_wconf 92' lang='lat' dir='ltr'>illa</span> <span class='ocrx_word' id='word_1_95' title='bbox 434 1420 603 1498; x_wconf 85' lang='lat' dir='ltr'>quaerebat..</span> <span class='ocrx_word' id='word_1_96' title='bbox 638 1419 724 1478; x_wconf 87' lang='lat' dir='ltr'>uides</span> <span class='ocrx_word' id='word_1_97' title='bbox 756 1427 868 1496; x_wconf 80' lang='lat' dir='ltr'>autem,</span> <span class='ocrx_word' id='word_1_98' title='bbox 903 1419 974 1496; x_wconf 88' lang='lat' dir='ltr'>quid</span> <span class='ocrx_word' id='word_1_99' title='bbox 1007 1427 1162 1496; x_wconf 78' lang='lat' dir='ltr'>sequatur,</span> <span class='ocrx_word' id='word_1_100' title='bbox 1193 1419 1245 1478; x_wconf 90' lang='lat' dir='ltr'>uhi</span> <span class='ocrx_word' id='word_1_101' title='bbox 1277 1416 1406 1478; x_wconf 82' lang='lat' dir='ltr'>alicuiro</span> 
     </span>
     <span class='ocr_line' id='line_1_12' title="bbox 213 1511 1363 1598; baseline -0.003 -22"><span class='ocrx_word' id='word_1_102' title='bbox 213 1517 320 1576; x_wconf 88' lang='lat' dir='ltr'>uitium</span> <span class='ocrx_word' id='word_1_103' title='bbox 347 1537 402 1596; x_wconf 89' lang='lat' dir='ltr'>pro</span> <span class='ocrx_word' id='word_1_104' title='bbox 431 1517 564 1598; x_wconf 86' lang='lat' dir='ltr'>exenrplo</span> <span class='ocrx_word' id='word_1_105' title='bbox 592 1527 645 1578; x_wconf 85' lang='lat' dir='ltr'>est.</span> <span class='ocrx_word' id='word_1_106' title='bbox 682 1514 711 1576; x_wconf 79' lang='lat'>4.</span> <span class='ocrx_word' id='word_1_107' title='bbox 737 1517 810 1577; x_wconf 84' lang='lat' dir='ltr'>dixit</span> <span class='ocrx_word' id='word_1_108' title='bbox 834 1517 991 1578; x_wconf 82' lang='lat' dir='ltr'>Sallustius</span> <span class='ocrx_word' id='word_1_109' title='bbox 1016 1515 1113 1596; x_wconf 78' lang='lat' dir='ltr'>‘aquis</span> <span class='ocrx_word' id='word_1_110' title='bbox 1135 1511 1363 1576; x_wconf 88' lang='lat' dir='ltr'>hiemantihus&#39;:</span> 
     </span>
     <span class='ocr_line' id='line_1_13' title="bbox 213 1613 1363 1694; baseline 0.002 -22"><span class='ocrx_word' id='word_1_111' title='bbox 213 1613 373 1676; x_wconf 76' lang='lat' dir='ltr'>Arruntius</span> <span class='ocrx_word' id='word_1_112' title='bbox 394 1619 428 1676; x_wconf 92' lang='lat' dir='ltr'>in</span> <span class='ocrx_word' id='word_1_113' title='bbox 448 1619 548 1694; x_wconf 90' lang='lat' dir='ltr'>primo</span> <span class='ocrx_word' id='word_1_114' title='bbox 569 1615 645 1676; x_wconf 86' lang='lat' dir='ltr'>libro</span> <span class='ocrx_word' id='word_1_115' title='bbox 670 1617 740 1676; x_wconf 89' lang='lat' dir='ltr'>belli</span> <span class='ocrx_word' id='word_1_116' title='bbox 760 1615 867 1676; x_wconf 91' lang='lat' dir='ltr'>Punici</span> <span class='ocrx_word' id='word_1_117' title='bbox 890 1619 931 1676; x_wconf 88' lang='lat' dir='ltr'>ait</span> <span class='ocrx_word' id='word_1_118' title='bbox 954 1613 1098 1694; x_wconf 70' lang='lat' dir='ltr'>‘Repente</span> <span class='ocrx_word' id='word_1_119' title='bbox 1124 1615 1267 1676; x_wconf 88' lang='lat' dir='ltr'>hiemauii</span> <span class='ocrx_word' id='word_1_120' title='bbox 1292 1621 1363 1674; x_wconf 86' lang='lat' dir='ltr'>tenr-</span> 
     </span>
     <span class='ocr_line' id='line_1_14' title="bbox 212 1709 1364 1793; baseline 0.002 -21"><span class='ocrx_word' id='word_1_121' title='bbox 212 1709 334 1793; x_wconf 77' lang='lat' dir='ltr'>pestas&#39;‚</span> <span class='ocrx_word' id='word_1_122' title='bbox 364 1710 391 1774; x_wconf 79' lang='lat'>5.</span> <span class='ocrx_word' id='word_1_123' title='bbox 418 1715 525 1775; x_wconf 87' lang='lat' dir='ltr'>etalio</span> <span class='ocrx_word' id='word_1_124' title='bbox 550 1715 613 1774; x_wconf 87' lang='lat' dir='ltr'>loeo</span> <span class='ocrx_word' id='word_1_125' title='bbox 636 1733 703 1780; x_wconf 88' lang='lat' dir='ltr'>cum</span> <span class='ocrx_word' id='word_1_126' title='bbox 730 1715 827 1774; x_wconf 88' lang='lat' dir='ltr'>dicere</span> <span class='ocrx_word' id='word_1_127' title='bbox 852 1713 941 1774; x_wconf 90' lang='lat' dir='ltr'>uellet</span> <span class='ocrx_word' id='word_1_128' title='bbox 965 1715 1105 1792; x_wconf 81' lang='lat' dir='ltr'>frigidum</span> <span class='ocrx_word' id='word_1_129' title='bbox 1128 1733 1238 1774; x_wconf 91' lang='lat' dir='ltr'>annum</span> <span class='ocrx_word' id='word_1_130' title='bbox 1262 1713 1364 1790; x_wconf 79' lang='lat' dir='ltr'>luisse,</span> 
     </span>
     <span class='ocr_line' id='line_1_15' title="bbox 214 1807 1362 1892; baseline 0.002 -22"><span class='ocrx_word' id='word_1_131' title='bbox 214 1813 255 1870; x_wconf 88' lang='lat' dir='ltr'>ait</span> <span class='ocrx_word' id='word_1_132' title='bbox 277 1807 381 1872; x_wconf 69' lang='lat' dir='ltr'>‘Totus</span> <span class='ocrx_word' id='word_1_133' title='bbox 403 1813 548 1874; x_wconf 87' lang='lat' dir='ltr'>hiemauit</span> <span class='ocrx_word' id='word_1_134' title='bbox 569 1809 685 1892; x_wconf 80' lang='lat' dir='ltr'>annus⁷,</span> <span class='ocrx_word' id='word_1_135' title='bbox 714 1811 744 1874; x_wconf 80' lang='lat' dir='ltr'>o.</span> <span class='ocrx_word' id='word_1_136' title='bbox 767 1821 798 1873; x_wconf 89' lang='lat' dir='ltr'>et</span> <span class='ocrx_word' id='word_1_137' title='bbox 821 1811 876 1872; x_wconf 88' lang='lat' dir='ltr'>alio</span> <span class='ocrx_word' id='word_1_138' title='bbox 900 1812 964 1872; x_wconf 90' lang='lat' dir='ltr'>loco</span> <span class='ocrx_word' id='word_1_139' title='bbox 988 1809 1069 1872; x_wconf 72' lang='lat' dir='ltr'>‘Inde</span> <span class='ocrx_word' id='word_1_140' title='bbox 1091 1813 1242 1890; x_wconf 75' lang='lat' dir='ltr'>sexaginta</span> <span class='ocrx_word' id='word_1_141' title='bbox 1259 1829 1362 1872; x_wconf 88' lang='lat' dir='ltr'>onera·</span> 
     </span>
     <span class='ocr_line' id='line_1_16' title="bbox 212 1909 1405 1990; baseline -0.003 -22"><span class='ocrx_word' id='word_1_142' title='bbox 212 1913 273 1970; x_wconf 89' lang='lat' dir='ltr'>rias</span> <span class='ocrx_word' id='word_1_143' title='bbox 310 1909 391 1970; x_wconf 86' lang='lat' dir='ltr'>leues</span> <span class='ocrx_word' id='word_1_144' title='bbox 428 1919 548 1990; x_wconf 89' lang='lat' dir='ltr'>praeter</span> <span class='ocrx_word' id='word_1_145' title='bbox 581 1911 706 1970; x_wconf 89' lang='lat' dir='ltr'>militem</span> <span class='ocrx_word' id='word_1_146' title='bbox 741 1919 770 1970; x_wconf 89' lang='lat' dir='ltr'>et</span> <span class='ocrx_word' id='word_1_147' title='bbox 801 1913 985 1970; x_wconf 88' lang='lat' dir='ltr'>necessarios</span> <span class='ocrx_word' id='word_1_148' title='bbox 1023 1919 1178 1970; x_wconf 88' lang='lat' dir='ltr'>nautarum</span> <span class='ocrx_word' id='word_1_149' title='bbox 1216 1911 1405 1970; x_wconf 72' lang='lat' dir='ltr'>hiemantem</span> 
     </span>
     <span class='ocr_line' id='line_1_17' title="bbox 214 2007 1363 2088; baseline 0 -20"><span class='ocrx_word' id='word_1_150' title='bbox 214 2009 351 2088; x_wconf 86' lang='lat' dir='ltr'>aquilone</span> <span class='ocrx_word' id='word_1_151' title='bbox 374 2007 476 2070; x_wconf 75' lang='lat' dir='ltr'>mIsit’.</span> <span class='ocrx_word' id='word_1_152' title='bbox 512 2029 573 2070; x_wconf 91' lang='lat' dir='ltr'>non</span> <span class='ocrx_word' id='word_1_153' title='bbox 598 2011 706 2070; x_wconf 87' lang='lat' dir='ltr'>desinit</span> <span class='ocrx_word' id='word_1_154' title='bbox 730 2009 867 2070; x_wconf 79' lang='lat' dir='ltr'>ominbus</span> <span class='ocrx_word' id='word_1_155' title='bbox 890 2009 963 2070; x_wconf 87' lang='lat' dir='ltr'>locis</span> <span class='ocrx_word' id='word_1_156' title='bbox 987 2011 1044 2070; x_wconf 90' lang='lat' dir='ltr'>hoc</span> <span class='ocrx_word' id='word_1_157' title='bbox 1065 2009 1191 2070; x_wconf 87' lang='lat' dir='ltr'>uerbum</span> <span class='ocrx_word' id='word_1_158' title='bbox 1215 2007 1363 2068; x_wconf 82' lang='lat' dir='ltr'>inl&#39;ulcire.</span> 
     </span>
     <span class='ocr_line' id='line_1_18' title="bbox 215 2105 1363 2186; baseline 0 -20"><span class='ocrx_word' id='word_1_159' title='bbox 215 2105 244 2166; x_wconf 80' lang='lat'>7.</span> <span class='ocrx_word' id='word_1_160' title='bbox 268 2107 394 2186; x_wconf 82' lang='lat' dir='ltr'>quodam</span> <span class='ocrx_word' id='word_1_161' title='bbox 418 2109 483 2170; x_wconf 92' lang='lat' dir='ltr'>loco</span> <span class='ocrx_word' id='word_1_162' title='bbox 507 2109 579 2168; x_wconf 86' lang='lat' dir='ltr'>dicit</span> <span class='ocrx_word' id='word_1_163' title='bbox 598 2109 755 2168; x_wconf 85' lang='lat' dir='ltr'>Sallustius</span> <span class='ocrx_word' id='word_1_164' title='bbox 779 2105 872 2168; x_wconf 74' lang='lat' dir='ltr'>‘Inter</span> <span class='ocrx_word' id='word_1_165' title='bbox 896 2127 977 2168; x_wconf 90' lang='lat' dir='ltr'>arma</span> <span class='ocrx_word' id='word_1_166' title='bbox 1000 2107 1101 2168; x_wconf 90' lang='lat' dir='ltr'>ciuilia</span> <span class='ocrx_word' id='word_1_167' title='bbox 1124 2111 1210 2186; x_wconf 86' lang='lat' dir='ltr'>aequi</span> <span class='ocrx_word' id='word_1_168' title='bbox 1234 2105 1363 2186; x_wconf 88' lang='lat' dir='ltr'>bonique</span> 
     </span>
     <span class='ocr_line' id='line_1_19' title="bbox 213 2203 1362 2288; baseline -0.001 -24"><span class='ocrx_word' id='word_1_169' title='bbox 213 2207 306 2266; x_wconf 86' lang='lat' dir='ltr'>lamas</span> <span class='ocrx_word' id='word_1_170' title='bbox 326 2203 429 2286; x_wconf 86' lang='lat' dir='ltr'>petit&#39;:</span> <span class='ocrx_word' id='word_1_171' title='bbox 450 2207 610 2268; x_wconf 79' lang='lat' dir='ltr'>Arruntius</span> <span class='ocrx_word' id='word_1_172' title='bbox 636 2225 695 2268; x_wconf 88' lang='lat' dir='ltr'>non</span> <span class='ocrx_word' id='word_1_173' title='bbox 725 2209 916 2288; x_wconf 77' lang='lat' dir='ltr'>temperarit,</span> <span class='ocrx_word' id='word_1_174' title='bbox 939 2227 996 2286; x_wconf 83' lang='lat' dir='ltr'>quo</span> <span class='ocrx_word' id='word_1_175' title='bbox 1020 2209 1119 2268; x_wconf 89' lang='lat' dir='ltr'>minus</span> <span class='ocrx_word' id='word_1_176' title='bbox 1142 2207 1239 2286; x_wconf 88' lang='lat' dir='ltr'>primo</span> <span class='ocrx_word' id='word_1_177' title='bbox 1264 2207 1362 2264; x_wconf 86' lang='lat' dir='ltr'>statim</span> 
     </span>
     <span class='ocr_line' id='line_1_20' title="bbox 212 2303 1046 2384; baseline 0.005 -22"><span class='ocrx_word' id='word_1_178' title='bbox 212 2303 290 2364; x_wconf 83' lang='lat' dir='ltr'>libro</span> <span class='ocrx_word' id='word_1_179' title='bbox 312 2312 448 2384; x_wconf 84' lang='lat' dir='ltr'>poneret:</span> <span class='ocrx_word' id='word_1_180' title='bbox 473 2303 623 2384; x_wconf 75' lang='lat' dir='ltr'>‘Ingentes</span> <span class='ocrx_word' id='word_1_181' title='bbox 646 2323 712 2366; x_wconf 88' lang='lat' dir='ltr'>esse</span> <span class='ocrx_word' id='word_1_182' title='bbox 736 2305 828 2366; x_wconf 88' lang='lat' dir='ltr'>lamas</span> <span class='ocrx_word' id='word_1_183' title='bbox 855 2305 888 2366; x_wconf 93' lang='lat' dir='ltr'>de</span> <span class='ocrx_word' id='word_1_184' title='bbox 912 2303 1046 2384; x_wconf 69' lang='lat' dir='ltr'>Regulo.9</span> 
     </span>
    </p>
   </div>
   <div class='ocr_carea' id='block_1_3' title="bbox 669 2486 908 2493">
    <p class='ocr_par' dir='ltr' id='par_1_3' title="bbox 669 2486 908 2493">
     <span class='ocr_line' id='line_1_21' title="bbox 669 2486 908 2493; baseline 0.008 -2"><span class='ocrx_word' id='word_1_185' title='bbox 669 2486 908 2493; x_wconf 55' lang='grc' dir='ltr'>Ἣ...</span> 
     </span>
    </p>
   </div>
   <div class='ocr_carea' id='block_1_4' title="bbox 622 2628 957 2703">
    <p class='ocr_par' dir='ltr' id='par_1_4' title="bbox 622 2628 957 2703">
     <span class='ocr_line' id='line_1_22' title="bbox 622 2628 957 2703; baseline 0 -2"><span class='ocrx_word' id='word_1_186' title='bbox 622 2628 815 2702; x_wconf 72' lang='lat' dir='ltr'>irruam</span> <span class='ocrx_word' id='word_1_187' title='bbox 843 2628 957 2703; x_wconf 82' lang='lat' dir='ltr'>RVFI</span> 
     </span>
    </p>
   </div>
   <div class='ocr_carea' id='block_1_5' title="bbox 141 2790 1404 4015">
    <p class='ocr_par' dir='ltr' id='par_1_5' title="bbox 494 2790 1086 2853">
     <span class='ocr_line' id='line_1_23' title="bbox 494 2790 1086 2853; baseline 0.005 -5"><span class='ocrx_word' id='word_1_188' title='bbox 494 2790 615 2849; x_wconf 81' lang='lat' dir='ltr'>LIBER</span> <span class='ocrx_word' id='word_1_189' title='bbox 637 2794 690 2851; x_wconf 82' lang='lat' dir='ltr'>Du</span> <span class='ocrx_word' id='word_1_190' title='bbox 716 2792 875 2853; x_wconf 76' lang='lat' dir='ltr'>CATONE</span> <span class='ocrx_word' id='word_1_191' title='bbox 900 2790 1086 2853; x_wconf 78' lang='lat' dir='ltr'>VTIOENSI</span> 
     </span>
    </p>

    <p class='ocr_par' dir='ltr' id='par_1_6' title="bbox 141 2922 1404 3427">
     <span class='ocr_line' id='line_1_24' title="bbox 141 2922 1404 3029; baseline 0.004 -19"><span class='ocrx_word' id='word_1_192' title='bbox 141 2922 197 3001; x_wconf 64' lang='lat'>28.</span> <span class='ocrx_word' id='word_1_193' title='bbox 306 2946 339 3013; x_wconf 91' lang='lat'>1.</span> <span class='ocrx_word' id='word_1_194' title='bbox 371 2953 467 3015; x_wconf 71' lang='lat' dir='ltr'>rerer.</span> <span class='ocrx_word' id='word_1_195' title='bbox 487 2952 573 3011; x_wconf 63' lang='lat' dir='ltr'>naa.</span> <span class='ocrx_word' id='word_1_196' title='bbox 593 2952 669 3011; x_wconf 75' lang='grc' dir='ltr'>ΗΠ</span> <span class='ocrx_word' id='word_1_197' title='bbox 685 2952 755 3027; x_wconf 73' lang='lat' dir='ltr'>aa</span> <span class='ocrx_word' id='word_1_198' title='bbox 789 2952 896 3011; x_wconf 68' lang='lat' dir='ltr'>rerum</span> <span class='ocrx_word' id='word_1_199' title='bbox 925 2958 957 3011; x_wconf 78' lang='lat' dir='ltr'>a</span> <span class='ocrx_word' id='word_1_200' title='bbox 986 2952 1073 3013; x_wconf 77' lang='lat' dir='ltr'>nurus</span> <span class='ocrx_word' id='word_1_201' title='bbox 1097 2954 1157 3013; x_wconf 79' lang='lat' dir='ltr'>uiri</span> <span class='ocrx_word' id='word_1_202' title='bbox 1181 2952 1361 3029; x_wconf 65' lang='lat' dir='ltr'>[saniona]</span> <span class='ocrx_word' id='word_1_203' title='bbox 1376 2976 1404 3015; x_wconf 75' lang='lat'>20</span> 
     </span>
     <span class='ocr_line' id='line_1_25' title="bbox 214 3048 1362 3129; baseline 0 -18"><span class='ocrx_word' id='word_1_204' title='bbox 214 3048 410 3111; x_wconf 84' lang='lat' dir='ltr'>abstinentiae</span> <span class='ocrx_word' id='word_1_205' title='bbox 428 3052 513 3111; x_wconf 86' lang='lat' dir='ltr'>testis</span> <span class='ocrx_word' id='word_1_206' title='bbox 531 3048 681 3129; x_wconf 74' lang='lat' dir='ltr'>Hispania,</span> <span class='ocrx_word' id='word_1_207' title='bbox 702 3052 744 3111; x_wconf 90' lang='lat' dir='ltr'>ita</span> <span class='ocrx_word' id='word_1_208' title='bbox 761 3050 799 3109; x_wconf 89' lang='lat' dir='ltr'>M.</span> <span class='ocrx_word' id='word_1_209' title='bbox 816 3048 934 3111; x_wconf 87' lang='lat' dir='ltr'>Catonis</span> <span class='ocrx_word' id='word_1_210' title='bbox 953 3048 1067 3129; x_wconf 77' lang='lat' dir='ltr'>Epiros,</span> <span class='ocrx_word' id='word_1_211' title='bbox 1086 3052 1202 3129; x_wconf 79' lang='lat' dir='ltr'>Achaia,</span> <span class='ocrx_word' id='word_1_212' title='bbox 1223 3050 1362 3129; x_wconf 81' lang='lat' dir='ltr'>Cyclades</span> 
     </span>
     <span class='ocr_line' id='line_1_26' title="bbox 213 3148 1362 3231; baseline 0.002 -24"><span class='ocrx_word' id='word_1_213' title='bbox 213 3148 337 3225; x_wconf 77' lang='lat' dir='ltr'>insulae,</span> <span class='ocrx_word' id='word_1_214' title='bbox 356 3150 504 3209; x_wconf 88' lang='lat' dir='ltr'>maritima</span> <span class='ocrx_word' id='word_1_215' title='bbox 520 3167 590 3225; x_wconf 91' lang='lat' dir='ltr'>pars</span> <span class='ocrx_word' id='word_1_216' title='bbox 610 3148 702 3226; x_wconf 76' lang='lat' dir='ltr'>Asiae,</span> <span class='ocrx_word' id='word_1_217' title='bbox 721 3150 875 3227; x_wconf 87' lang='lat' dir='ltr'>prouincia</span> <span class='ocrx_word' id='word_1_218' title='bbox 890 3148 1009 3229; x_wconf 81' lang='lat' dir='ltr'>Cypros.</span> <span class='ocrx_word' id='word_1_219' title='bbox 1034 3150 1113 3209; x_wconf 90' lang='lat' dir='ltr'>unde</span> <span class='ocrx_word' id='word_1_220' title='bbox 1132 3170 1199 3211; x_wconf 91' lang='lat' dir='ltr'>cum</span> <span class='ocrx_word' id='word_1_221' title='bbox 1219 3150 1362 3231; x_wconf 85' lang='lat' dir='ltr'>pecuniae</span> 
     </span>
     <span class='ocr_line' id='line_1_27' title="bbox 214 3246 1363 3325; baseline 0 -18"><span class='ocrx_word' id='word_1_222' title='bbox 214 3246 412 3325; x_wconf 78' lang='lat' dir='ltr'>deportandae</span> <span class='ocrx_word' id='word_1_223' title='bbox 430 3248 629 3307; x_wconf 85' lang='lat' dir='ltr'>ministerium</span> <span class='ocrx_word' id='word_1_224' title='bbox 648 3250 816 3325; x_wconf 77' lang='lat' dir='ltr'>sustineret,</span> <span class='ocrx_word' id='word_1_225' title='bbox 840 3254 899 3309; x_wconf 88' lang='lat' dir='ltr'>tam</span> <span class='ocrx_word' id='word_1_226' title='bbox 920 3266 1058 3307; x_wconf 86' lang='lat' dir='ltr'>auersum</span> <span class='ocrx_word' id='word_1_227' title='bbox 1076 3252 1207 3309; x_wconf 85' lang='lat' dir='ltr'>animum</span> <span class='ocrx_word' id='word_1_228' title='bbox 1229 3246 1261 3309; x_wconf 90' lang='lat' dir='ltr'>ah</span> <span class='ocrx_word' id='word_1_229' title='bbox 1283 3250 1363 3309; x_wconf 89' lang='lat' dir='ltr'>omni</span> 
     </span>
     <span class='ocr_line' id='line_1_28' title="bbox 212 3344 1362 3427; baseline 0 -22"><span class='ocrx_word' id='word_1_230' title='bbox 212 3364 323 3405; x_wconf 88' lang='lat' dir='ltr'>uenere</span> <span class='ocrx_word' id='word_1_231' title='bbox 347 3366 436 3424; x_wconf 86' lang='lat' dir='ltr'>quam</span> <span class='ocrx_word' id='word_1_232' title='bbox 458 3366 476 3405; x_wconf 88' lang='lat' dir='ltr'>a</span> <span class='ocrx_word' id='word_1_233' title='bbox 498 3344 580 3405; x_wconf 88' lang='lat' dir='ltr'>luero</span> <span class='ocrx_word' id='word_1_234' title='bbox 604 3344 715 3423; x_wconf 80' lang='lat' dir='ltr'>hahuit,</span> <span class='ocrx_word' id='word_1_235' title='bbox 739 3348 769 3405; x_wconf 91' lang='lat' dir='ltr'>in</span> <span class='ocrx_word' id='word_1_236' title='bbox 793 3348 920 3405; x_wconf 85' lang='lat' dir='ltr'>oraxima</span> <span class='ocrx_word' id='word_1_237' title='bbox 942 3348 1099 3425; x_wconf 88' lang='lat' dir='ltr'>utriusque</span> <span class='ocrx_word' id='word_1_238' title='bbox 1116 3348 1362 3427; x_wconf 84' lang='lat' dir='ltr'>intemperantiae</span> 
     </span>
    </p>

    <p class='ocr_par' dir='ltr' id='par_1_7' title="bbox 211 3444 1403 3919">
     <span class='ocr_line' id='line_1_29' title="bbox 212 3444 1403 3525; baseline 0.003 -22"><span class='ocrx_word' id='word_1_239' title='bbox 212 3445 336 3503; x_wconf 88' lang='lat' dir='ltr'>materia</span> <span class='ocrx_word' id='word_1_240' title='bbox 359 3451 505 3504; x_wconf 87' lang='lat' dir='ltr'>uersatus.</span> <span class='ocrx_word' id='word_1_241' title='bbox 538 3464 607 3503; x_wconf 89' lang='lat' dir='ltr'>nam</span> <span class='ocrx_word' id='word_1_242' title='bbox 625 3452 656 3503; x_wconf 84' lang='lat' dir='ltr'>et</span> <span class='ocrx_word' id='word_1_243' title='bbox 678 3446 776 3523; x_wconf 81' lang='lat' dir='ltr'>regiae</span> <span class='ocrx_word' id='word_1_244' title='bbox 801 3444 921 3505; x_wconf 88' lang='lat' dir='ltr'>diuitiae</span> <span class='ocrx_word' id='word_1_245' title='bbox 943 3452 1088 3523; x_wconf 86' lang='lat' dir='ltr'>potestate</span> <span class='ocrx_word' id='word_1_246' title='bbox 1111 3448 1205 3525; x_wconf 88' lang='lat' dir='ltr'>ipsius</span> <span class='ocrx_word' id='word_1_247' title='bbox 1231 3446 1361 3505; x_wconf 90' lang='lat' dir='ltr'>contine·</span> <span class='ocrx_word' id='word_1_248' title='bbox 1376 3468 1403 3507; x_wconf 81' lang='lat'>25</span> 
     </span>
     <span class='ocr_line' id='line_1_30' title="bbox 211 3542 1362 3605; baseline 0.002 -4"><span class='ocrx_word' id='word_1_249' title='bbox 211 3542 321 3603; x_wconf 85' lang='lat' dir='ltr'>bantur</span> <span class='ocrx_word' id='word_1_250' title='bbox 349 3550 379 3603; x_wconf 91' lang='lat' dir='ltr'>et</span> <span class='ocrx_word' id='word_1_251' title='bbox 405 3544 606 3603; x_wconf 86' lang='lat' dir='ltr'>fertilissimae</span> <span class='ocrx_word' id='word_1_252' title='bbox 633 3542 806 3603; x_wconf 88' lang='lat' dir='ltr'>deliciarum</span> <span class='ocrx_word' id='word_1_253' title='bbox 832 3550 875 3603; x_wconf 90' lang='lat' dir='ltr'>tot</span> <span class='ocrx_word' id='word_1_254' title='bbox 904 3544 1044 3603; x_wconf 90' lang='lat' dir='ltr'>Graeciae</span> <span class='ocrx_word' id='word_1_255' title='bbox 1072 3544 1164 3605; x_wconf 90' lang='lat' dir='ltr'>urhes</span> <span class='ocrx_word' id='word_1_256' title='bbox 1194 3544 1362 3603; x_wconf 89' lang='lat' dir='ltr'>necessaria</span> 
     </span>
     <span class='ocr_line' id='line_1_31' title="bbox 211 3640 1362 3723; baseline 0.002 -24"><span class='ocrx_word' id='word_1_257' title='bbox 211 3642 305 3701; x_wconf 85' lang='lat' dir='ltr'>totins</span> <span class='ocrx_word' id='word_1_258' title='bbox 326 3642 524 3719; x_wconf 79' lang='lat' dir='ltr'>nauigationis</span> <span class='ocrx_word' id='word_1_259' title='bbox 550 3640 732 3701; x_wconf 86' lang='lat' dir='ltr'>deuerticula</span> <span class='ocrx_word' id='word_1_260' title='bbox 750 3650 842 3701; x_wconf 89' lang='lat' dir='ltr'>erant.</span> <span class='ocrx_word' id='word_1_261' title='bbox 871 3650 957 3723; x_wconf 88' lang='lat' dir='ltr'>atque</span> <span class='ocrx_word' id='word_1_262' title='bbox 977 3642 1006 3701; x_wconf 92' lang='lat' dir='ltr'>id</span> <span class='ocrx_word' id='word_1_263' title='bbox 1026 3642 1174 3703; x_wconf 88' lang='lat' dir='ltr'>Munatius</span> <span class='ocrx_word' id='word_1_264' title='bbox 1193 3642 1288 3704; x_wconf 86' lang='lat' dir='ltr'>Rulus</span> <span class='ocrx_word' id='word_1_265' title='bbox 1307 3642 1362 3721; x_wconf 79' lang='lat' dir='ltr'>Cy·</span> 
     </span>
     <span class='ocr_line' id='line_1_32' title="bbox 211 3738 1361 3819; baseline 0.002 -22"><span class='ocrx_word' id='word_1_266' title='bbox 211 3740 329 3817; x_wconf 88' lang='lat' dir='ltr'>priaeae</span> <span class='ocrx_word' id='word_1_267' title='bbox 344 3740 540 3817; x_wconf 81' lang='lat' dir='ltr'>expeditionis</span> <span class='ocrx_word' id='word_1_268' title='bbox 555 3738 631 3800; x_wconf 82' lang='lat' dir='ltr'>lidus</span> <span class='ocrx_word' id='word_1_269' title='bbox 651 3758 750 3799; x_wconf 90' lang='lat' dir='ltr'>eomes</span> <span class='ocrx_word' id='word_1_270' title='bbox 769 3742 888 3819; x_wconf 88' lang='lat' dir='ltr'>scriptis</span> <span class='ocrx_word' id='word_1_271' title='bbox 910 3744 972 3801; x_wconf 90' lang='lat' dir='ltr'>suis</span> <span class='ocrx_word' id='word_1_272' title='bbox 992 3742 1144 3819; x_wconf 79' lang='lat' dir='ltr'>significat.</span> <span class='ocrx_word' id='word_1_273' title='bbox 1175 3744 1258 3801; x_wconf 88' lang='lat' dir='ltr'>cuius</span> <span class='ocrx_word' id='word_1_274' title='bbox 1278 3742 1361 3801; x_wconf 88' lang='lat' dir='ltr'>testi-</span> 
     </span>
     <span class='ocr_line' id='line_1_33' title="bbox 212 3838 1362 3919; baseline 0 -22"><span class='ocrx_word' id='word_1_275' title='bbox 212 3840 346 3898; x_wconf 90' lang='lat' dir='ltr'>monium</span> <span class='ocrx_word' id='word_1_276' title='bbox 370 3858 429 3897; x_wconf 90' lang='lat' dir='ltr'>non</span> <span class='ocrx_word' id='word_1_277' title='bbox 452 3838 628 3915; x_wconf 87' lang='lat' dir='ltr'>amplector:</span> <span class='ocrx_word' id='word_1_278' title='bbox 648 3840 769 3915; x_wconf 89' lang='lat' dir='ltr'>proprio</span> <span class='ocrx_word' id='word_1_279' title='bbox 795 3842 873 3899; x_wconf 84' lang='lat' dir='ltr'>enirn</span> <span class='ocrx_word' id='word_1_280' title='bbox 898 3848 1070 3919; x_wconf 80' lang='lat' dir='ltr'>argumento</span> <span class='ocrx_word' id='word_1_281' title='bbox 1090 3840 1154 3899; x_wconf 89' lang='lat' dir='ltr'>laus</span> <span class='ocrx_word' id='word_1_282' title='bbox 1172 3842 1230 3901; x_wconf 88' lang='lat' dir='ltr'>ista</span> <span class='ocrx_word' id='word_1_283' title='bbox 1247 3840 1362 3919; x_wconf 77' lang='lat' dir='ltr'>nititur,</span> 
     </span>
    </p>

    <p class='ocr_par' dir='ltr' id='par_1_8' title="bbox 214 3936 1403 4015">
     <span class='ocr_line' id='line_1_34' title="bbox 214 3936 1403 4015; baseline 0.005 -20"><span class='ocrx_word' id='word_1_284' title='bbox 214 3938 354 4015; x_wconf 89' lang='lat' dir='ltr'>quoniam</span> <span class='ocrx_word' id='word_1_285' title='bbox 377 3954 412 3993; x_wconf 84' lang='lat' dir='ltr'>ex</span> <span class='ocrx_word' id='word_1_286' title='bbox 437 3936 541 3997; x_wconf 86' lang='lat' dir='ltr'>eodem</span> <span class='ocrx_word' id='word_1_287' title='bbox 563 3942 687 3997; x_wconf 89' lang='lat' dir='ltr'>naturae</span> <span class='ocrx_word' id='word_1_288' title='bbox 709 3944 795 3997; x_wconf 90' lang='lat' dir='ltr'>utero</span> <span class='ocrx_word' id='word_1_289' title='bbox 819 3948 849 3999; x_wconf 87' lang='lat' dir='ltr'>et</span> <span class='ocrx_word' id='word_1_290' title='bbox 872 3940 1052 3999; x_wconf 80' lang='lat' dir='ltr'>continentia</span> <span class='ocrx_word' id='word_1_291' title='bbox 1074 3946 1140 3999; x_wconf 89' lang='lat' dir='ltr'>nata</span> <span class='ocrx_word' id='word_1_292' title='bbox 1167 3946 1211 3999; x_wconf 87' lang='lat' dir='ltr'>est</span> <span class='ocrx_word' id='word_1_293' title='bbox 1235 3944 1263 3997; x_wconf 88' lang='lat' dir='ltr'>et</span> <span class='ocrx_word' id='word_1_294' title='bbox 1283 3936 1361 3999; x_wconf 83' lang='lat' dir='ltr'>Calc.</span> <span class='ocrx_word' id='word_1_295' title='bbox 1375 3962 1403 4001; x_wconf 83' lang='lat' dir='ltr'>ao</span> 
     </span>
    </p>
   </div>
   <div class='ocr_carea' id='block_1_6' title="bbox 215 4115 1362 4374">
    <p class='ocr_par' dir='ltr' id='par_1_9' title="bbox 215 4115 1362 4374">
     <span class='ocr_line' id='line_1_35' title="bbox 305 4115 1362 4191; baseline 0.005 -17"><span class='ocrx_word' id='word_1_296' title='bbox 305 4118 331 4174; x_wconf 84' lang='grc'>6.</span> <span class='ocrx_word' id='word_1_297' title='bbox 357 4118 461 4175; x_wconf 85' lang='lat' dir='ltr'>dedere</span> <span class='ocrx_word' id='word_1_298' title='bbox 481 4115 619 4191; x_wconf 82' lang='lat' dir='ltr'>B(anrh.)</span> <span class='ocrx_word' id='word_1_299' title='bbox 637 4116 787 4191; x_wconf 65' lang='lat' dir='ltr'>Appenni.)</span> <span class='ocrx_word' id='word_1_300' title='bbox 811 4136 840 4177; x_wconf 88' lang='lat' dir='ltr'>se</span> <span class='ocrx_word' id='word_1_301' title='bbox 865 4120 969 4177; x_wconf 87' lang='lat' dir='ltr'>dedere</span> <span class='ocrx_word' id='word_1_302' title='bbox 989 4136 1005 4185; x_wconf 89' lang='grc' dir='ltr'>ς</span> <span class='ocrx_word' id='word_1_303' title='bbox 1036 4120 1139 4179; x_wconf 84' lang='lat' dir='ltr'>dedere</span> <span class='ocrx_word' id='word_1_304' title='bbox 1165 4140 1193 4179; x_wconf 91' lang='lat' dir='ltr'>se</span> <span class='ocrx_word' id='word_1_305' title='bbox 1214 4120 1362 4179; x_wconf 79' lang='lat' dir='ltr'>Rossbach</span> 
     </span>
     <span class='ocr_line' id='line_1_36' title="bbox 215 4206 1361 4269; baseline 0.002 -4"><span class='ocrx_word' id='word_1_306' title='bbox 215 4208 420 4267; x_wconf 67' lang='lat' dir='ltr'>attoriense</span> <span class='ocrx_word' id='word_1_307' title='bbox 466 4206 516 4265; x_wconf 81' lang='lat'>15.</span> <span class='ocrx_word' id='word_1_308' title='bbox 535 4206 723 4265; x_wconf 84' lang='lat' dir='ltr'>nessaricsA</span> <span class='ocrx_word' id='word_1_309' title='bbox 770 4210 819 4267; x_wconf 78' lang='grc'>16.</span> <span class='ocrx_word' id='word_1_310' title='bbox 839 4208 960 4267; x_wconf 81' lang='lat' dir='ltr'>misidA</span> <span class='ocrx_word' id='word_1_311' title='bbox 980 4210 1115 4269; x_wconf 81' lang='lat' dir='ltr'>misiitB</span> <span class='ocrx_word' id='word_1_312' title='bbox 1164 4212 1212 4267; x_wconf 78' lang='lat' dir='ltr'>ir.</span> <span class='ocrx_word' id='word_1_313' title='bbox 1234 4208 1361 4267; x_wconf 84' lang='lat' dir='ltr'>anmaA</span> 
     </span>
     <span class='ocr_line' id='line_1_37' title="bbox 305 4290 1314 4374; baseline 0.001 -20"><span class='ocrx_word' id='word_1_314' title='bbox 305 4290 338 4374; x_wconf 84' lang='lat' dir='ltr'>l,</span> <span class='ocrx_word' id='word_1_315' title='bbox 365 4300 415 4355; x_wconf 81' lang='lat'>21.</span> <span class='ocrx_word' id='word_1_316' title='bbox 439 4298 471 4354; x_wconf 86' lang='lat' dir='ltr'>in</span> <span class='ocrx_word' id='word_1_317' title='bbox 489 4294 628 4371; x_wconf 85' lang='lat' dir='ltr'>hispania</span> <span class='ocrx_word' id='word_1_318' title='bbox 645 4298 766 4357; x_wconf 75' lang='lat' dir='ltr'>Paridis</span> <span class='ocrx_word' id='word_1_319' title='bbox 786 4300 911 4371; x_wconf 78' lang='lat' dir='ltr'>epitoma</span> <span class='ocrx_word' id='word_1_320' title='bbox 987 4296 1038 4359; x_wconf 78' lang='lat' dir='ltr'>ia.</span> <span class='ocrx_word' id='word_1_321' title='bbox 1061 4300 1187 4357; x_wconf 82' lang='lat' dir='ltr'>materia</span> <span class='ocrx_word' id='word_1_322' title='bbox 1199 4316 1214 4353; x_wconf 68' lang='lat' dir='ltr'>a</span> <span class='ocrx_word' id='word_1_323' title='bbox 1227 4298 1314 4357; x_wconf 81' lang='lat' dir='ltr'>Rern.</span> 
     </span>
    </p>
   </div>
   <div class='ocr_carea' id='block_1_7' title="bbox 215 4380 1315 4463">
    <p class='ocr_par' dir='ltr' id='par_1_10' title="bbox 215 4380 1315 4463">
     <span class='ocr_line' id='line_1_38' title="bbox 215 4380 1315 4463; baseline 0.001 -18"><span class='ocrx_word' id='word_1_324' title='bbox 215 4390 266 4447; x_wconf 78' lang='lat'>26.</span> <span class='ocrx_word' id='word_1_325' title='bbox 291 4386 471 4463; x_wconf 71' lang='lat' dir='ltr'>*graecia*</span> <span class='ocrx_word' id='word_1_326' title='bbox 487 4386 576 4443; x_wconf 81' lang='lat' dir='ltr'>Rern.</span> <span class='ocrx_word' id='word_1_327' title='bbox 601 4388 737 4463; x_wconf 83' lang='lat' dir='ltr'>graeciae</span> <span class='ocrx_word' id='word_1_328' title='bbox 755 4380 861 4447; x_wconf 53' lang='lat' dir='ltr'>Remi</span> <span class='ocrx_word' id='word_1_329' title='bbox 883 4408 936 4463; x_wconf 88' lang='lat' dir='ltr'>per</span> <span class='ocrx_word' id='word_1_330' title='bbox 956 4386 1110 4449; x_wconf 85' lang='lat' dir='ltr'>Graeciam</span> <span class='ocrx_word' id='word_1_331' title='bbox 1130 4392 1201 4447; x_wconf 79' lang='lat' dir='ltr'>corni.</span> <span class='ocrx_word' id='word_1_332' title='bbox 1223 4388 1315 4447; x_wconf 81' lang='lat' dir='ltr'>Hadru</span> 
     </span>
    </p>
   </div>
   <div class='ocr_carea' id='block_1_8' title="bbox 0 0 1622 4950">
    <p class='ocr_par' dir='ltr' id='par_1_11' title="bbox 0 0 1622 4950">
     <span class='ocr_line' id='line_1_39' title="bbox 0 0 1622 4950; baseline 0 0"><span class='ocrx_word' id='word_1_333' title='bbox 0 0 1622 4950; x_wconf 95' lang='lat' dir='ltr'> </span> 
     </span>
    </p>
   </div>
  </div>
 </body>
</html>
