3234 4950
375 409 380 418 ’
444 443 662 499 scelerosas
680 445 836 498 AETATIS
855 443 1000 496 OMNINO
1021 445 1203 498 lacuaria
1320 447 1411 494 CCVII

262 617 422 674 allectitiis
445 617 476 672 in
499 624 608 672 serrata
627 622 835 688 parentesque
856 631 926 672 snos
954 617 1089 672 imitatas
1110 615 1270 674 historiam
1293 631 1411 688 atroque

262 702 431 772 domabant
456 720 566 786 septem
586 713 672 772 libris
691 715 795 772 edidit
827 711 905 790 quod
922 709 1086 770 anecdoton
1106 711 1143 770 ab
1162 709 1280 770 alfredo
1302 709 1412 772 Holder

261 813 293 870 in
325 807 427 868 codice
462 807 681 868 Caroliruhensi
710 811 864 868 inuentum
899 807 1087 868 Hermannus
1104 809 1217 870 Vsener
1246 803 1285 892 (a.
1309 803 1409 892 tati)

261 907 373 988 publici
399 909 474 968 turris
498 907 569 968 fecit
593 911 802 988 cnarrauitque
829 927 881 970 suo
906 927 986 968 more
1012 915 1072 966 tam
1096 907 1179 968 docte
1206 919 1233 968 et
1254 907 1410 986 subtiliter,

261 1006 336 1066 nihil
359 1014 392 1066 ut
414 1025 493 1066 niune
518 1005 587 1066 addi
608 1007 704 1084 possit
726 1009 769 1084 (p.
788 1009 927 1066 17--aa
958 1009 1060 1066 dasch.
1083 1009 1151 1066 trit.
1166 1007 1208 1066 II
1218 1025 1252 1084 p.
1273 1007 1339 1080 33).
1417 1009 1420 1018 '

351 1105 477 1164 lantiam
509 1107 602 1182 igitur
633 1113 697 1166 tum
729 1113 862 1182 tempora
897 1113 1006 1166 mutata
1036 1111 1127 1182 erant,
1156 1111 1190 1162 ut
1214 1103 1265 1164 ille
1285 1099 1409 1184 ‘antiqui

261 1207 380 1264 Catonis
405 1201 540 1263 nouellus
562 1201 716 1282 imitator’,
738 1201 799 1264 ‘uir
823 1201 1036 1282 philosophus',
1061 1201 1202 1262 Macrobii
1230 1201 1410 1280 emendator,

260 1303 405 1382 patricius
431 1301 595 1378 consulque
621 1301 791 1362 ordinarius
817 1295 855 1384 (a.
874 1295 966 1384 485),
988 1321 1043 1380 per
1073 1303 1178 1378 uiginti
1209 1319 1298 1362 annos
1331 1303 1410 1380 prin·

261 1419 331 1480 ceps
363 1408 484 1460 senatus
518 1418 632 1461 summo
665 1399 764 1460 studio
795 1399 1028 1460 christianorum
1062 1417 1179 1460 causam
1213 1407 1348 1460 tueretur
1382 1405 1410 1460 ot

259 1507 383 1578 propter
411 1497 481 1558 fidei
508 1517 579 1558 suae
606 1501 802 1558 constantiam
835 1517 849 1558 a
878 1499 1059 1558 Theoderico
1086 1499 1148 1558 trit
1171 1505 1318 1558 sectatore
1343 1517 1409 1558 oum

260 1597 383 1658 Boethio
412 1615 523 1676 genero
549 1615 575 1656 a.
595 1591 660 1658 525
687 1596 884 1658 occideretur.
921 1597 974 1656 sed
1001 1605 1035 1654 ut
1062 1599 1094 1656 in
1121 1597 1210 1656 huius
1233 1597 1319 1656 libris
1343 1615 1409 1658 ern·

261 1697 333 1756 ditio
356 1703 492 1756 ueterum
520 1695 722 1756 Romanorum
753 1703 811 1774 est,
846 1699 961 1774 species
998 1703 1119 1756 externa
1158 1695 1332 1774 christiana,
1369 1699 1409 1756 ita

261 1795 429 1876 Symmachi
462 1793 541 1872 quod
570 1813 664 1855 unum
696 1801 788 1854 restat
821 1795 1020 1870 fragmentum
1051 1795 1191 1854 historiae
1225 1797 1309 1872 quasi
1343 1795 1409 1854 luco

259 1895 422 1954 christiano
449 1911 485 1952 ex
513 1892 617 1954 Oresio
650 1891 791 1972 adsperso
825 1881 971 1954 imbutum
1005 1901 1061 1970 est,
1093 1911 1159 1952 cum
1192 1895 1346 1952 materiam
1374 1911 1409 1954 ex

259 1992 364 2070 gentili
387 1999 507 2052 auctore
531 2000 689 2070 repeteret
727 1993 800 2050 haec
826 1993 905 2052 enim
928 1999 987 2050 tota
1013 1989 1169 2070 Capitolini
1190 1999 1233 2052 est
1255 2011 1348 2070 eaque
1367 1993 1408 2050 ita

260 2097 410 2169 excerpta,
431 2096 466 2150 ut
486 2089 638 2150 Maximini
661 2091 797 2168 uirtutes,
823 2089 929 2170 quibus
961 2109 975 2150 a
1003 2097 1107 2150 natura
1137 2093 1299 2150 instructus
1331 2097 1409 2152 esset

259 2191 338 2263 (aid.
358 2191 431 2264 infr.
450 2185 728 2267 ado.p.156sq.),
747 2207 805 2266 quo
826 2189 1004 2250 luculentius
1030 2207 1096 2248 eum
1118 2187 1267 2248 breuitate
1290 2191 1409 2266 imperii

258 2305 370 2366 poenas
393 2289 610 2366 persecutionis
628 2285 864 2346 Christianorum
890 2286 1014 2346 soluisse
1037 2285 1155 2346 doceret
1174 2287 1226 2362 (cf.
1248 2285 1333 2346 Oros.
1351 2287 1410 2346 Vll

260 2385 311 2462 19,
327 2387 357 2446 1.
379 2387 505 2446 litator.
526 2387 567 2446 ad
591 2405 617 2446 a.
637 2385 725 2445 2252
744 2388 818 2446 Aac.
833 2405 865 2464 p.
887 2383 950 2446 179
972 2387 1063 2458 Scit).
1102 2403 1175 2464 quos
1209 2385 1297 2444 liores
1332 2383 1409 2464 quod

259 2484 404 2545 barbarus
427 2487 556 2563 scriptor
577 2484 665 2563 paulo
687 2492 755 2562 post
776 2478 814 2565 (a.
832 2480 920 2569 551),
944 2504 1012 2545 cum
1038 2484 1072 2543 de
1097 2485 1211 2563 origine
1235 2484 1409 2563 actibusque

260 2582 403 2644 Getarum
429 2581 587 2661 scriberet,
614 2582 743 2643 libenter
771 2584 899 2663 arripuit
921 2590 950 2643 et
973 2584 1003 2641 in
1030 2600 1113 2643 sunni
1138 2600 1225 2643 usum
1248 2582 1409 2661 transtulit,

258 2700 318 2741 non
343 2684 383 2741 ita
407 2680 590 2741 mirabimur.

327 3036 614 3112 soatruottiss
641 3036 849 3109 tutaris
877 3036 1064 3109 OMNINO
1094 3036 1339 3111 lacuaria

349 3218 493 3287 Quoniam
526 3215 661 3276 ordinem
692 3214 858 3277 secundnm
891 3224 1039 3295 arrctoreS,
1073 3220 1123 3297 qui
1153 3236 1202 3277 eos
1232 3218 1409 3299 citauerunt,

257 3316 383 3395 institui,
408 3318 497 3395 prinu
519 3314 728 3375 tractabuntur

349 3412 479 3473 Fabius
501 3413 662 3473 Vestalis
708 3412 849 3473 llecnlo.
898 3414 1088 3475 Cornelius
1112 3414 1317 3475 Valerianus

258 3512 319 3573 sola
352 3512 440 3573 Plinii
469 3512 598 3573 naturali
622 3512 746 3573 historia
775 3512 860 3571 nobis
888 3514 959 3571 noti.
999 3512 1043 3573 Ex
1066 3512 1173 3575 Fabio
1204 3514 1346 3593 quaedam
1372 3514 1408 3575 de

258 3614 355 3689 primo
378 3610 487 3671 solario
504 3610 614 3671 Romae
639 3618 749 3671 statuto
774 3612 910 3691 inseruit,
934 3612 987 3671 sed
1012 3610 1191 3673 desiderauit
1216 3616 1407 3693 accuratiora,

258 3712 404 3771 rationem
417 3708 464 3769 uel
477 3710 629 3786 artificem,
642 3708 722 3769 unde
735 3710 912 3769 translatum
927 3720 1006 3771 esset
1022 3718 1070 3771 aut
1087 3710 1163 3789 apud
1177 3728 1267 3789 quem
1283 3714 1408 3791 scripto-

258 3827 322 3869 rem
345 3811 521 3887 inuenisset)
544 3808 622 3868 uode
647 3826 716 3869 eum
733 3806 917 3869 Fenestellae
940 3826 1023 3869 more
1047 3828 1097 3869 res
1114 3808 1261 3869 Romanas
1282 3818 1310 3869 et
1333 3814 1406 3869 anti·

258 3908 386 3985 quitates
402 3908 605 3984 composuisse
618 3907 794 3985 colligimus.
814 3924 882 3967 nam
899 3908 977 3987 quod
991 3910 1022 3967 in
1038 3906 1135 3967 indice
1151 3906 1221 3967 libri
1230 3922 1326 3967 xxxv
1343 3910 1407 3969 eius

259 4008 371 4065 utemini
395 4002 507 4065 addidit
532 4002 597 4079 ‘qur'
619 4008 658 4065 de
673 4010 803 4082 pictrrra
826 4002 972 4083 scrqrst't',
994 4006 1075 4065 huno
1100 4004 1208 4067 librum
1228 4006 1262 4067 ab
1285 4026 1327 4085 eo,
1350 4028 1407 4087 quo

257 4106 289 4163 in
316 4106 425 4163 ceteris
452 4102 539 4163 libris
564 4120 636 4163 usus
666 4106 717 4181 sit,
745 4102 898 4163 diuersum
928 4122 992 4163 esse
1023 4104 1176 4181 significat.
1207 4124 1281 4183 (puae
1306 4112 1406 4165 tamen

258 4209 377 4281 praeter
400 4201 484 4261 illum
506 4202 605 4261 locum
627 4201 696 4261 libri
721 4204 839 4280 septimi
863 4204 893 4261 in
918 4200 1000 4261 libris
1021 4216 1129 4261 xxxiv
1138 4196 1163 4285 1)
1184 4212 1214 4263 et
1232 4216 1352 4281 xxxvi,
1375 4206 1406 4267 in

349 4378 374 4442 1)
392 4370 524 4427 Mirenzer
542 4391 569 4441 p.
586 4380 636 4427 354
648 4392 707 4441 sqq.
738 4383 752 4439 ξ
772 4380 806 4427 43
832 4374 866 4427 ad
882 4374 1025 4427 Vestalem
1045 4392 1142 4443 parurn
1164 4378 1238 4427 cerba
1259 4390 1407 4445 augumen-

255 4453 368 4509 tatione
384 4452 538 4507 reuocauit.
