3234 4950
488 408 669 467 POMPEIVS
689 410 921 471 SATVRNINVS
940 450 975 457 -
994 414 1136 471 saonis
1279 440 1393 487 CLXXV

247 588 301 661 661,
323 590 355 641 ut
380 600 467 659 quam
492 586 691 645 maturissime
716 588 866 647 emitteret
880 588 925 665 (9,
940 588 970 666 1,
985 588 1030 665 16,
1048 595 1143 667 atque,
1165 590 1188 647 si
1209 590 1263 649 suit
1284 588 1397 651 Nonius

246 678 397 759 Maximus
424 682 457 741 ad
480 702 565 761 quem
585 684 698 743 Plinius
718 684 752 743 lv
772 680 816 745 ‘20
837 694 866 745 et
882 686 907 743 V
925 682 945 745 t')
967 688 1106 762 (Prosop.
1120 690 1138 747 6.
1153 690 1190 759 s.)
1212 688 1396 768 6616116661-

245 786 308 839 tum
340 780 371 839 in
404 780 510 841 litteris
545 790 681 843 uersatus
715 786 803 843 etiam
838 787 933 844 exitus
963 784 1123 845 illustrium
1153 788 1286 845 uirorum
1314 782 1395 847 tcum

245 896 353 957 amore,
376 876 475 939 dolore
499 888 527 939 et
547 882 702 959 magnifico
724 881 855 959 ingenio'
874 886 1032 963 scripsisse
1050 884 1178 962 uidetur,
1197 882 1277 945 unde
1297 886 1395 945 forsit·

245 996 281 1037 en
310 976 360 1037 illa
389 982 594 1039 controuersia
618 988 719 1041 exorta
743 982 791 1059 sit,
813 984 865 1041 uix
889 982 926 1041 de
947 984 1072 1043 historia
1096 982 1167 1041 belli
1188 984 1271 1041 illius
1295 984 1395 1044 ciuilis

245 1080 396 1153 uniuersa,
424 1078 457 1137 de
487 1098 544 1155 qua
572 1074 728 1141 dumtaxat
750 1080 810 1139 nisi
838 1082 870 1139 in
898 1080 1021 1159 singulis
1050 1080 1139 1141 rebus
1163 1082 1393 1161 hominIhusquc

246 1176 448 1237 descrihendis
478 1176 728 1257 aestimandisque
755 1180 874 1257 utrique
898 1178 1018 1239 Traiani
1047 1182 1133 1239 amici
1162 1188 1190 1241 et
1213 1180 1327 1242 Plinius
1353 1184 1392 1241 16-

244 1274 433 1353 miliaresque
454 1284 484 1335 et
505 1274 664 1353 Pompeius
686 1278 789 1335 Planta
813 1278 1046 1339 consentiebant.

512 1580 749 1653 POMPEIVS
779 1580 1086 1655 SATVRNINVS
1098 1578 1122 1669 ¹)

329 1760 494 1839 Descripsit
521 1764 584 1821 eius
616 1760 778 1821 studiorum
807 1764 983 1821 uarietatem
1009 1762 1123 1823 Plinius
1153 1764 1230 1843 epi
1253 1760 1309 1842 16,
1333 1784 1391 1845 qua

244 1878 310 1919 curn
329 1858 437 1919 Erucio
457 1852 572 1943 (Claro)
594 1860 819 1921 commendauit.
839 1878 908 1921 nem
928 1867 957 1921 et
976 1868 1113 1921 ueterum
1131 1863 1266 1923 aemulus
1287 1882 1390 1923 causas

244 1962 302 2037 egit
325 1960 531 2037 orationesque
555 1966 729 2021 retractatas
749 1958 843 2019 edidit
867 1969 895 2019 et
915 1978 1020 2019 uersus
1042 1960 1186 2020 Catullum
1206 1961 1388 2041 Caluumque

242 2060 373 2119 imitatus
401 2058 472 2117 fecit
501 2064 526 2117 et
558 2058 697 2137 epistulas
733 2058 787 2119 sub
818 2060 923 2119 uxoris
952 2076 1080 2139 persona
1111 2059 1246 2121 Plautino
1280 2060 1389 2121 'leren-

241 2160 378 2235 tianoque
416 2176 552 2217 sermone
588 2160 746 2235 conposuit
773 2160 874 2231 61666666.
893 2158 988 2235 Bries
1002 2177 1037 2233 p.
1057 2158 1135 2233 173)
1170 2166 1198 2219 et
1236 2160 1389 2219 historiam

241 2258 368 2337 scripsit7
388 2256 424 2317 de
444 2276 500 2337 que
518 2256 590 2317 haec
606 2256 719 2317 Plinius
736 2260 794 2333 (ep.
810 2258 838 2335 1,
855 2259 906 2334 id,
922 2258 973 2331 4)ss
991 2258 1074 2319 166666
1095 2267 1192 2319 666666
1213 2262 1389 2319 indistorta

241 2360 337 2433 666666
365 2364 440 2417 sets
415 2356 563 2433 issociet
586 2354 718 2435 [quam'
710 2376 743 2415 in
765 2354 962 2433 orationihus]
988 2360 1040 2415 666
1063 2358 1217 2417 breuitate
1243 2362 1296 2419 666
1319 2360 1389 2419 luce

241 2460 291 2516 666
312 2460 435 2518 66666666
448 2458 719 2570 6666666666666
744 2464 770 2516 66
772 2460 832 2518 6666
860 2462 888 2516 66
877 2458 1044 2518 6665666666
1045 2458 1279 2518 6666666666
1315 2476 1387 2518 6666

241 2575 269 2614 66
301 2565 371 2616 6666
372 2561 422 2618 666
413 2464 492 2714 6616666
518 2559 598 2616 666666
578 2559 738 2632 666666
766 2562 836 2616 oroi
812 2557 957 2615 dionides
985 2563 1041 2632 est,
1060 2559 1203 2631 pressior
1233 2564 1330 2616 6666666
1360 2563 1389 2616 et

241 2659 316 2714 cirre
317 2659 439 2730 66666666
529 2655 750 2716 6666666666666
752 2653 876 2712 idem
903 2653 960 2712 luit
987 2654 1065 2712 inter
1093 2671 1157 2730 666,
1183 2671 1258 2732 quos
1284 2653 1386 2732 dignos

239 2663 525 2812 166166661661616166
551 2755 659 2832 scripta
689 2771 740 2812 sua
769 2751 839 2812 lima
867 2753 1066 2832 persequendi
1087 2755 1123 2824 (I
1135 2749 1175 2824 8,·
1197 2753 1237 2830 cs.
1258 2753 1322 2812 Vn
1341 2753 1385 2830 8),

240 2869 334 2930 neque
355 2859 453 2912 tamen
479 2851 638 2932 quidquam
664 2857 816 2930 praeterea
840 2870 876 2912 eu
900 2851 1025 2930 epistole
1051 2851 1071 2908 V
1096 2847 1135 2910 21
1168 2850 1202 2910 ad
1228 2869 1296 2910 euni
1320 2851 1385 2912 data

239 2969 334 3028 neque
364 2969 433 3010 rrum
462 2971 506 3030 ep.
520 2951 571 3012 Vll
591 2949 619 3012 7.
641 2947 690 3010 15.
717 2949 755 3010 IX
775 2947 818 3010 38
839 2947 1021 3010 ‘Saturnino'
1044 2947 1131 3010 alicui
1160 2951 1320 3028 inscriptae
1350 2950 1386 3010 ad

240 3067 307 3110 eum
325 3051 502 3130 pertincant,
521 3069 557 3110 ex
576 3051 758 3130 argumentis
778 3051 999 3129 cognoscimus3
1018 3049 1045 3107 is
1062 3048 1182 3126 quidem
1197 3049 1384 3128 Saturninus7

239 3167 330 3226 aquo
350 3147 462 3208 Plinius
487 3149 573 3210 heres
599 3150 719 3210 relictus
745 3157 798 3226 ost,
822 3145 897 3208 alius
922 3149 978 3208 luit
1000 3149 1046 3226 (5,
1065 3147 1110 3224 7),
1130 3147 1256 3206 tortasse
1281 3147 1385 3207 consul

239 3247 380 3308 suffectus
405 3265 429 3306 a.
452 3243 512 3306 103
534 3249 673 3326 (Prosop.
692 3253 708 3308 6.
730 3249 775 3320 s).

721 3516 903 3590 sunnis

325 3697 366 3758 lle
391 3699 455 3758 cius
478 3697 601 3756 historia
623 3699 695 3756 haee
714 3697 752 3756 ad
769 3697 869 3776 ipsum
887 3697 1002 3754 Plinius
1019 3695 1060 3754 IX
1078 3691 1118 3754 31
1140 3697 1273 3772 scripsit:
1299 3697 1382 3754 Posi-

237 3805 423 3870 6666666666
448 3801 572 3874 6666666,
601 3815 659 3856 666
689 3801 787 3856 mitens
816 3805 927 3868 ieelim,
953 3813 1045 3869 6666666
1072 3811 1140 3854 curt
1165 3797 1300 3870 operette
1323 3793 1382 3868 666.

236 3901 296 3970 6666
320 3901 397 3956 66666
422 3899 530 3956 librom
555 3903 644 3970 666666,
664 3897 827 3954 identidem
846 3902 985 3970 repetens
1003 3913 1041 3952 66
1060 3897 1191 3952 66666666
1210 3895 1284 3964 (666
1304 3895 1382 3952 66666

235 4003 325 4054 menti
316 3997 389 4072 ior),
418 4013 497 4068 666666
526 3997 564 4054 666
590 4011 636 4054 666
663 3997 825 4070 carpeti,
854 3997 885 4054 66
913 4011 962 4068 66
953 3995 1073 4053 666
1045 3995 1166 4066 66666666
1182 4008 1312 4066 percep
1303 4007 1383 4051 6666

232 4093 329 4170 suisti.
312 4111 456 4168 6666666
485 4095 548 4152 moi
548 4099 590 4170 66,
622 4111 725 4250 666666Ι
740 4099 843 4165 curia,
873 4111 962 4168 666666
991 4109 1051 4150 6666
1078 4093 1185 4150 eodem
1211 4093 1250 4150 666
1279 4091 1382 4150 ecdem

236 4211 293 4252 6666
318 4201 415 4252 666666
450 4195 482 4252 666
483 4207 574 4252 666666
603 4193 685 4252 dixis
754 4199 837 4266 666
858 4209 879 4250 s.
918 4207 1047 4268 quocum
1072 4190 1245 4248 testimonio
1267 4187 1382 4247 leutlel

235 4291 495 4402 16666666666616
512 4307 545 4366 p
565 4287 631 4348 857
654 4195 734 4348 6111611
761 4291 915 4348 coniunxit
943 4286 1074 4348 eiusdem
1104 4285 1174 4346 libri
1201 4305 1246 4364 ep
1264 4282 1321 4364 27,
1351 4287 1380 4343 in

236 4397 291 4402 --.-...-
299 4399 301 4402 .
335 4395 386 4402 ..-...
417 4395 475 4402 ι-ι--η-

305 4397 560 4514 1)11Ῑ161.Ρ666666
577 4443 601 4494 Ι
602 4443 615 4494 Ι
633 4463 657 4512 p
678 4447 708 4496 to
729 4461 755 4496 11.
770 4449 831 4496 491
