3234 4950
661 361 897 414 FENESTELLA
1297 363 1354 410 (lxi

205 531 326 598 ducibus
352 527 492 603 fecisses,
518 525 598 608 ‘quis
619 532 736 607 primus
758 527 902 588 Romanis
924 529 1123 608 persuasisset
1152 547 1259 588 narrem
1285 547 1352 586 cou-

204 625 366 704 scendere’,
390 629 457 704 quis
477 629 593 704 primus
615 629 647 686 in
671 628 749 686 circo
775 627 875 686 leones
903 625 1013 686 solutos
1039 625 1177 706 dedisset,
1204 629 1270 704 quis
1294 625 1352 686 ele·

201 734 376 813 phantorum
406 725 565 784 multorum
594 743 725 804 pugnam
752 733 785 782 et
811 743 885 802 quae
917 733 985 784 sunt
1019 725 1135 782 similia.
1174 725 1226 784 sed
1259 725 1281 782 F
1285 743 1352 784 ene-

202 827 312 892 stellam
348 827 435 884 etiam
469 827 601 884 nominat
633 817 829 901 epitritis
852 815 944 904 (108)
967 819 1007 882 31
1036 823 1088 898 (fr.
1105 823 1149 898 6),
1181 821 1232 882 ubi
1268 821 1352 882 aliter

201 923 352 988 Ciceronis
375 921 412 980 de
435 939 469 980 re
491 921 610 998 publiea
633 921 726 980 libros
747 921 807 998 legi
833 939 848 980 a
869 919 1034 998 philologo,
1057 923 1262 998 grammatico,
1288 921 1351 998 pbi-

201 1023 317 1100 losopho
344 1019 464 1078 disserit
486 1023 626 1098 ponitque
657 1018 740 1078 illurn
772 1021 802 1076 in
832 1019 1048 1098 plrilologorum
1076 1037 1211 1078 numero.
1249 1025 1351 1078 contra

200 1121 323 1184 Asconio
345 1112 654 1200 (trifidas-841)
672 1119 835 1196 primarius
856 1127 959 1176 auctor
977 1117 1033 1176 luit
1054 1117 1087 1174 in
1111 1115 1262 1178 Ciceronis
1287 1135 1351 1176 ora-

201 1217 328 1280 tionibus
352 1215 535 1292 explicandis
553 1235 652 1294 neque
671 1214 852 1274 luculentius
871 1217 1075 1274 testimonium
1096 1217 1160 1274 eius
1181 1215 1351 1292 diligentiae

200 1337 262 1380 esse
288 1322 391 1394 potest,
417 1316 552 1392 quamuis
576 1333 665 1392 saepe
687 1315 720 1372 in
743 1331 811 1372 eum
837 1315 973 1374 inuectus
997 1315 1044 1392 sit,
1072 1331 1130 1372 non
1156 1331 1275 1392 semper
1297 1331 1351 1372 suo

199 1422 261 1478 iure
288 1415 455 1486 (Mercbttn
474 1431 506 1488 p.
528 1415 571 1486 9).
985 1427 986 1432 ’

288 1511 428 1570 Eiusdem
461 1517 559 1570 autem
593 1529 680 1570 curae
715 1511 771 1568 luit
803 1519 899 1570 artem
928 1511 1061 1570 criticam
1093 1529 1231 1570 exercere
1252 1511 1304 1586 (fr.
1322 1511 1350 1568 9.

200 1613 238 1688 cs.
254 1613 282 1670 7.
298 1609 364 1687 19),
377 1611 549 1688 scriptores,
564 1629 601 1668 en
614 1609 725 1686 quibus
739 1607 880 1688 hauserit,
897 1611 1071 1668 nominarint
1088 1607 1183 1688 edere,
1201 1613 1226 1668 si
1239 1617 1349 1686 posset,

200 1718 290 1770 testes
303 1707 433 1766 oculatos
448 1707 584 1784 prolerre
597 1709 807 1784 (st·.15),cum
824 1705 962 1784 GraecoS,
976 1707 1064 1766 huius
1082 1707 1246 1766 litterarum
1264 1725 1350 1784 gene·

199 1811 240 1866 ris
252 1810 434 1884 iuueniores,
449 1805 619 1866 imitaretur
633 1806 686 1882 (cs.
702 1823 725 1864 c.
733 1823 767 1880 p.
786 1807 850 1884 cri),
867 1823 941 1884 quos
958 1811 1102 1882 auctores,
1117 1807 1169 1883 qui
1183 1804 1351 1866 Fenestella

198 1911 362 1980 uterentur,
384 1913 419 1962 ut
441 1901 575 1964 doctrina
600 1901 806 1982 gloriarentur,
832 1903 911 1962 baud
933 1921 999 1962 raro
1022 1921 1056 1962 en
1078 1921 1110 1962 eo
1134 1903 1352 1964 transtulerunt

201 2005 251 2080 (fr.
265 2003 314 2061 18.
330 2005 401 2062 ooo.
412 2003 440 2060 3.
451 2003 482 2060 4.
493 2003 523 2060 6.
534 2003 577 2076 8).
601 2001 729 2080 plurima
748 2003 874 2078 uestigia
895 2003 929 2062 ab
946 2021 980 2060 eo
996 2001 1108 2060 ducunt
1128 2003 1164 2060 ad
1178 2003 1349 2060 Varronem.

287 2101 421 2178 lienique
443 2101 563 2160 omnino
589 2101 673 2178 copia
696 2108 728 2158 et
747 2101 878 2160 uarietas
909 2101 1049 2160 materiae
1079 2103 1284 2178 sermonisque
1309 2101 1350 2160 ie-

199 2201 305 2259 iunitas
330 2201 383 2276 (fr.
404 2200 462 2270 21)
490 2217 558 2258 curn
588 2199 666 2258 Liuii
688 2197 835 2276 elegantia
863 2199 1056 2276 ulrertateque
1084 2205 1111 2258 et
1136 2205 1198 2258 arte
1223 2201 1349 2258 oratoria

200 2297 392 2376 discrepabat,
416 2297 446 2355 id
468 2297 546 2374 quod
562 2297 772 2373 Fenestellam,
792 2297 930 2374 quoniam
952 2297 999 2354 ille
1021 2295 1129 2354 librum
1150 2315 1260 2356 nonum
1283 2303 1349 2354 ante

199 2415 306 2456 annum
330 2392 459 2475 notite
483 2393 663 2475 absolueret,
690 2395 794 2473 fugere
820 2413 879 2454 non
904 2397 1007 2475 potuit.
1046 2401 1172 2473 uterque
1197 2401 1295 2454 autern
1321 2393 1349 2452 id

199 2497 352 2573 spectauit,
380 2503 416 2553 ut
442 2514 491 2553 res
514 2492 662 2553 Romanas
687 2494 725 2553 ab
747 2496 863 2571 origine
889 2488 1051 2577 liomanal)
1079 2512 1171 2571 usque
1202 2492 1237 2553 ad
1267 2512 1349 2553 suam

199 2603 322 2653 aetatem
353 2601 595 2673 persequeretur.
632 2594 800 2671 quaeritur,
829 2600 927 2653 utrum
959 2592 1115 2651 libertinus
1146 2610 1304 2669 seruusue,
1336 2610 1349 2649 a

199 2711 254 2769 quo
279 2690 382 2751 ordine
409 2692 564 2751 curiositas
591 2699 653 2751 tum
675 2692 803 2751 manime
829 2690 989 2769 colebatur,
1015 2690 1153 2751 inuidens
1176 2690 1274 2751 fauori
1292 2692 1349 2749 Au-

198 2792 284 2868 gusti,
308 2808 366 2867 quo
386 2790 490 2849 Liuius
513 2789 647 2867 florebat,
671 2790 756 2867 quasi
778 2792 807 2847 in
829 2796 979 2849 certamen
1001 2788 1181 2849 descendere
1204 2788 1349 2867 maluerit,

198 2904 235 2945 an
255 2898 291 2947 ut
308 2889 458 2947 crescenti
477 2886 520 2945 illi
540 2888 635 2948 studio
657 2890 794 2965 seminet,
814 2904 888 2967 opus
909 2888 1065 2947 Liuianum
1087 2888 1233 2967 supplere.
1269 2894 1348 2947 certe

198 2986 260 3045 eius
276 2988 419 3045 minutiae
436 2986 599 3045 multorum
618 2990 798 3063 scriptorum
819 2988 985 3045 curiositati
1003 2986 1187 3065 placuerunt,
1208 2994 1240 3045 ut
1261 2986 1349 3045 etiam

199 3086 343 3159 epitomae
373 3084 459 3143 libris
491 3086 649 3145 minimum
679 3084 794 3143 duobus
829 3084 1055 3143 conficerentur.
1063 3078 1089 3165 2)
1134 3102 1202 3143 nani
1233 3084 1349 3143 etiamsi

198 3180 429 3261 fragmentorum
458 3200 602 3243 numerus
628 3183 707 3243 ultra
734 3184 920 3243 tricesimum
944 3200 1004 3241 non
1030 3180 1154 3261 excedit,
1177 3180 1349 3261 quindecim

198 3285 295 3340 tarnen
323 3282 485 3358 scriptores
513 3300 581 3341 eurn
610 3282 792 3359 citauerunt,
821 3282 956 3359 plerique
988 3280 1113 3357 singulis
1148 3280 1221 3339 locis
1251 3298 1349 3357 neque

197 3386 295 3453 potest
330 3379 449 3440 decerni
482 3382 605 3440 maioris
640 3397 742 3439 eorurn
775 3382 869 3458 parus
905 3380 1067 3457 liagmenta
1101 3396 1135 3437 ex
1164 3398 1223 3439 uno
1251 3378 1348 3455 aliquo

198 3474 277 3537 fonte
296 3480 440 3555 originem
463 3478 580 3537 ducere.
610 3478 740 3537 Senecae
760 3476 881 3555 quidem
903 3480 966 3557 ipse
985 3484 1073 3537 notus
1094 3486 1165 3557 erat,
1185 3478 1236 3555 qui
1257 3478 1347 3537 semel

198 3590 264 3633 eum
283 3578 448 3635 nominauit
463 3576 517 3651 (fr.
534 3580 576 3654 6),
592 3594 652 3635 non
670 3579 770 3636 minus
788 3574 895 3653 Plinio,
915 3578 967 3653 qui
985 3594 1036 3635 sex
1053 3574 1139 3633 libris
1157 3578 1220 3649 (rr.
1240 3596 1348 3635 rrrrrr.

198 3805 270 3861 sitan
291 3826 323 3862 ex
348 3826 379 3863 eo
403 3810 526 3879 repet-ita
544 3809 583 3865 sit
600 3810 806 3877 atluersataque
828 3812 920 3877 (natus
935 3810 1077 3863 Fabianus
1097 3814 1157 3863 erat
1171 3808 1245 3865 inter
1261 3826 1348 3863 annos

198 3889 455 3960 39¹,Jt'15—3tsittt)
474 3890 531 3959 ipsi
544 3890 720 3945 Fenestellae
736 3888 854 3945 uiuenti.
892 3892 1048 3945 Gesclu'clttl.
1066 3892 1133 3945 Lttt.
1150 3892 1169 3945 l
1182 3908 1210 3957 p.
1226 3896 1327 3957 ttdsq.

288 3973 311 4039 1)
330 3970 433 4023 Nescio
452 3986 509 4039 qua
529 3988 614 4025 causo
632 3971 766 4023 inductus
786 3970 905 4041 bladuig
923 3972 968 4025 De
986 3972 1047 4025 Asc.
1064 3972 1130 4023 Peri.
1150 3990 1175 4041 p.
1194 3978 1226 4025 64
1249 3986 1312 4023 euni
1333 3988 1349 4023 o

197 4044 279 4101 bellis
297 4050 412 4103 Punicis
429 4050 567 4119 incepisse
587 4051 721 4121 posuerit.

286 4134 311 4198 ἓ)
331 4132 389 4183 Has
414 4130 551 4201 epitomas
575 4132 764 4185 Fenestellam
788 4148 821 4184 ex
847 4130 966 4185 aliorum
988 4128 1068 4183 uelut
1094 4128 1177 4199 Oppii
1203 4136 1347 4185 auctorum

198 4202 278 4263 libris
297 4212 468 4281 excerpsisse
487 4212 630 4267 Soitauius
651 4212 760 4267 censuit
784 4212 901 4280 (Livius'
921 4210 1004 4263 XXII.
1023 4210 1100 4263 Bnch
1123 4212 1181 4263 und
1206 4212 1346 4263 Plutarch.

198 4284 290 4359 Progr.
309 4310 404 4359 gymn.
424 4290 543 4347 Tabern.
564 4295 753 4362 tennp.1t);
781 4292 820 4345 sie
850 4296 943 4347 lamen
969 4290 1126 4345 addidisset·
1151 4290 1347 4347 auctoritatem

199 4366 328 4425 alienant.
