<?xml version="1.0" encoding="UTF-8"?>
<!DOCTYPE html PUBLIC "-//W3C//DTD XHTML 1.0 Transitional//EN"
    "http://www.w3.org/TR/xhtml1/DTD/xhtml1-transitional.dtd">
<html xmlns="http://www.w3.org/1999/xhtml" xml:lang="en" lang="en">
 <head>
  <title>
</title>
<meta http-equiv="Content-Type" content="text/html;charset=utf-8" />
  <meta name='ocr-system' content='tesseract 3.04.00' />
  <meta name='ocr-capabilities' content='ocr_page ocr_carea ocr_par ocr_line ocrx_word'/>
</head>
<body>
  <div class='ocr_page' id='page_1' title='image "./historicorumrom03petegoog_0030.png"; bbox 0 0 3234 4950; ppageno 0'>
   <div class='ocr_carea' id='block_1_1' title="bbox 362 343 1267 416">
    <p class='ocr_par' dir='ltr' id='par_1_1' title="bbox 362 343 1267 416">
     <span class='ocr_line' id='line_1_1' title="bbox 362 343 1267 416; baseline -0.008 -11"><span class='ocrx_word' id='word_1_1' title='bbox 362 371 438 416; x_wconf 73' lang='lat' dir='ltr'>XXH</span> <span class='ocrx_word' id='word_1_2' title='bbox 610 347 658 400; x_wconf 85' lang='lat' dir='ltr'>DE</span> <span class='ocrx_word' id='word_1_3' title='bbox 678 345 911 400; x_wconf 71' lang='lat' dir='ltr'>sempronius</span> <span class='ocrx_word' id='word_1_4' title='bbox 930 343 1024 398; x_wconf 78' lang='lat' dir='ltr'>turis</span> <span class='ocrx_word' id='word_1_5' title='bbox 1044 345 1091 398; x_wconf 85' lang='lat' dir='ltr'>ET</span> <span class='ocrx_word' id='word_1_6' title='bbox 1111 345 1267 400; x_wconf 69' lang='lat' dir='ltr'>scituris</span> 
     </span>
    </p>
   </div>
   <div class='ocr_carea' id='block_1_2' title="bbox 360 511 1518 3549">
    <p class='ocr_par' dir='ltr' id='par_1_2' title="bbox 360 511 1518 3549">
     <span class='ocr_line' id='line_1_2' title="bbox 363 511 1511 592; baseline -0.002 -16"><span class='ocrx_word' id='word_1_7' title='bbox 363 521 429 578; x_wconf 92' lang='lat' dir='ltr'>iure</span> <span class='ocrx_word' id='word_1_8' title='bbox 457 522 558 574; x_wconf 88' lang='lat' dir='ltr'>tamen</span> <span class='ocrx_word' id='word_1_9' title='bbox 588 535 640 574; x_wconf 89' lang='lat' dir='ltr'>suo</span> <span class='ocrx_word' id='word_1_10' title='bbox 674 535 742 574; x_wconf 87' lang='lat' dir='ltr'>eum</span> <span class='ocrx_word' id='word_1_11' title='bbox 770 516 803 574; x_wconf 92' lang='lat' dir='ltr'>in</span> <span class='ocrx_word' id='word_1_12' title='bbox 834 511 1048 574; x_wconf 75' lang='lat' dir='ltr'>excellentibus</span> <span class='ocrx_word' id='word_1_13' title='bbox 1076 511 1188 580; x_wconf 88' lang='lat' dir='ltr'>Latinis</span> <span class='ocrx_word' id='word_1_14' title='bbox 1223 515 1371 574; x_wconf 77' lang='lat' dir='ltr'>historicis</span> <span class='ocrx_word' id='word_1_15' title='bbox 1405 517 1511 592; x_wconf 90' lang='lat' dir='ltr'>posuit,</span> 
     </span>
     <span class='ocr_line' id='line_1_3' title="bbox 365 611 1511 692; baseline -0.003 -16"><span class='ocrx_word' id='word_1_16' title='bbox 365 613 521 676; x_wconf 86' lang='lat' dir='ltr'>dummodo</span> <span class='ocrx_word' id='word_1_17' title='bbox 546 631 583 672; x_wconf 91' lang='lat' dir='ltr'>ne</span> <span class='ocrx_word' id='word_1_18' title='bbox 608 613 658 692; x_wconf 90' lang='lat' dir='ltr'>qui</span> <span class='ocrx_word' id='word_1_19' title='bbox 682 631 732 672; x_wconf 87' lang='lat' dir='ltr'>res</span> <span class='ocrx_word' id='word_1_20' title='bbox 754 619 933 672; x_wconf 70' lang='lat' dir='ltr'>exornarent</span> <span class='ocrx_word' id='word_1_21' title='bbox 956 611 1008 670; x_wconf 90' lang='lat' dir='ltr'>sed</span> <span class='ocrx_word' id='word_1_22' title='bbox 1034 613 1083 690; x_wconf 90' lang='lat' dir='ltr'>qni</span> <span class='ocrx_word' id='word_1_23' title='bbox 1109 615 1309 674; x_wconf 72' lang='lat' dir='ltr'>examinarent</span> <span class='ocrx_word' id='word_1_24' title='bbox 1335 621 1363 674; x_wconf 92' lang='lat' dir='ltr'>et</span> <span class='ocrx_word' id='word_1_25' title='bbox 1388 615 1511 676; x_wconf 88' lang='lat' dir='ltr'>inuesti-</span> 
     </span>
     <span class='ocr_line' id='line_1_4' title="bbox 364 711 1510 792; baseline -0.001 -20"><span class='ocrx_word' id='word_1_26' title='bbox 364 720 467 792; x_wconf 79' lang='lat' dir='ltr'>garent</span> <span class='ocrx_word' id='word_1_27' title='bbox 497 711 590 772; x_wconf 87' lang='lat' dir='ltr'>dictos</span> <span class='ocrx_word' id='word_1_28' title='bbox 619 731 686 772; x_wconf 91' lang='lat' dir='ltr'>esse</span> <span class='ocrx_word' id='word_1_29' title='bbox 713 713 952 790; x_wconf 75' lang='lat' dir='ltr'>interpretemur.</span> <span class='ocrx_word' id='word_1_30' title='bbox 999 727 1126 788; x_wconf 87' lang='lat' dir='ltr'>namque</span> <span class='ocrx_word' id='word_1_31' title='bbox 1157 713 1403 790; x_wconf 75' lang='lat' dir='ltr'>(quemadmodum</span> <span class='ocrx_word' id='word_1_32' title='bbox 1430 715 1510 790; x_wconf 89' lang='lat' dir='ltr'>prin·</span> 
     </span>
     <span class='ocr_line' id='line_1_5' title="bbox 365 809 1511 890; baseline -0.003 -18"><span class='ocrx_word' id='word_1_33' title='bbox 365 815 462 890; x_wconf 90' lang='lat' dir='ltr'>cipum</span> <span class='ocrx_word' id='word_1_34' title='bbox 482 811 726 890; x_wconf 81' lang='lat' dir='ltr'>pbilosophorum</span> <span class='ocrx_word' id='word_1_35' title='bbox 744 817 900 886; x_wconf 89' lang='lat' dir='ltr'>praecepta</span> <span class='ocrx_word' id='word_1_36' title='bbox 922 827 988 868; x_wconf 89' lang='lat' dir='ltr'>eum</span> <span class='ocrx_word' id='word_1_37' title='bbox 1005 811 1047 868; x_wconf 90' lang='lat' dir='ltr'>ita</span> <span class='ocrx_word' id='word_1_38' title='bbox 1064 809 1204 870; x_wconf 89' lang='lat' dir='ltr'>babuisse</span> <span class='ocrx_word' id='word_1_39' title='bbox 1224 817 1362 888; x_wconf 84' lang='lat' dir='ltr'>percepta</span> <span class='ocrx_word' id='word_1_40' title='bbox 1381 811 1511 888; x_wconf 88' lang='lat' dir='ltr'>tradidit,</span> 
     </span>
     <span class='ocr_line' id='line_1_6' title="bbox 365 907 1511 986; baseline -0.001 -16"><span class='ocrx_word' id='word_1_41' title='bbox 365 918 397 970; x_wconf 89' lang='lat' dir='ltr'>ut</span> <span class='ocrx_word' id='word_1_42' title='bbox 415 911 460 969; x_wconf 89' lang='lat' dir='ltr'>bis</span> <span class='ocrx_word' id='word_1_43' title='bbox 482 908 517 968; x_wconf 80' lang='lat' dir='ltr'>acl</span> <span class='ocrx_word' id='word_1_44' title='bbox 537 909 628 970; x_wconf 85' lang='lat' dir='ltr'>uitam</span> <span class='ocrx_word' id='word_1_45' title='bbox 647 908 799 986; x_wconf 84' lang='lat' dir='ltr'>agendam,</span> <span class='ocrx_word' id='word_1_46' title='bbox 816 925 874 966; x_wconf 89' lang='lat' dir='ltr'>non</span> <span class='ocrx_word' id='word_1_47' title='bbox 894 907 931 966; x_wconf 87' lang='lat' dir='ltr'>ad</span> <span class='ocrx_word' id='word_1_48' title='bbox 949 907 1176 968; x_wconf 77' lang='lat' dir='ltr'>ostentationem</span> <span class='ocrx_word' id='word_1_49' title='bbox 1194 915 1330 970; x_wconf 88' lang='lat' dir='ltr'>uteretur</span> <span class='ocrx_word' id='word_1_50' title='bbox 1347 913 1384 982; x_wconf 84' lang='lat' dir='ltr'>(c.</span> <span class='ocrx_word' id='word_1_51' title='bbox 1403 911 1451 984; x_wconf 78' lang='lat'>17,</span> <span class='ocrx_word' id='word_1_52' title='bbox 1469 911 1511 986; x_wconf 82' lang='lat'>3),</span> 
     </span>
     <span class='ocr_line' id='line_1_7' title="bbox 365 1007 1512 1086; baseline -0.001 -19"><span class='ocrx_word' id='word_1_53' title='bbox 365 1016 452 1086; x_wconf 87' lang='lat' dir='ltr'>atque</span> <span class='ocrx_word' id='word_1_54' title='bbox 481 1009 538 1066; x_wconf 90' lang='lat' dir='ltr'>etsi</span> <span class='ocrx_word' id='word_1_55' title='bbox 565 1025 681 1066; x_wconf 89' lang='lat' dir='ltr'>summa</span> <span class='ocrx_word' id='word_1_56' title='bbox 707 1007 854 1066; x_wconf 88' lang='lat' dir='ltr'>suauitate</span> <span class='ocrx_word' id='word_1_57' title='bbox 882 1009 941 1064; x_wconf 89' lang='lat' dir='ltr'>oris</span> <span class='ocrx_word' id='word_1_58' title='bbox 972 1011 1057 1086; x_wconf 90' lang='lat' dir='ltr'>atque</span> <span class='ocrx_word' id='word_1_59' title='bbox 1086 1007 1170 1066; x_wconf 90' lang='lat' dir='ltr'>uocis</span> <span class='ocrx_word' id='word_1_60' title='bbox 1197 1007 1334 1086; x_wconf 88' lang='lat' dir='ltr'>llorebat,</span> <span class='ocrx_word' id='word_1_61' title='bbox 1359 1015 1391 1066; x_wconf 92' lang='lat' dir='ltr'>ut</span> <span class='ocrx_word' id='word_1_62' title='bbox 1418 1007 1512 1068; x_wconf 85' lang='lat' dir='ltr'>excel-</span> 
     </span>
     <span class='ocr_line' id='line_1_8' title="bbox 366 1105 1512 1184; baseline 0 -20"><span class='ocrx_word' id='word_1_63' title='bbox 366 1105 459 1166; x_wconf 85' lang='lat' dir='ltr'>lenter</span> <span class='ocrx_word' id='word_1_64' title='bbox 472 1112 609 1184; x_wconf 87' lang='lat' dir='ltr'>poemata</span> <span class='ocrx_word' id='word_1_65' title='bbox 621 1105 827 1184; x_wconf 85' lang='lat' dir='ltr'>pronuntiaret</span> <span class='ocrx_word' id='word_1_66' title='bbox 838 1105 881 1178; x_wconf 81' lang='lat' dir='ltr'>(I,</span> <span class='ocrx_word' id='word_1_67' title='bbox 892 1105 922 1164; x_wconf 85' lang='lat'>3.</span> <span class='ocrx_word' id='word_1_68' title='bbox 937 1105 967 1178; x_wconf 81' lang='grc'>4,</span> <span class='ocrx_word' id='word_1_69' title='bbox 980 1105 1021 1180; x_wconf 79' lang='lat' dir='ltr'>I),</span> <span class='ocrx_word' id='word_1_70' title='bbox 1035 1105 1161 1164; x_wconf 81' lang='lat' dir='ltr'>&#39;eundem</span> <span class='ocrx_word' id='word_1_71' title='bbox 1175 1113 1273 1166; x_wconf 85' lang='lat' dir='ltr'>tamen</span> <span class='ocrx_word' id='word_1_72' title='bbox 1290 1105 1512 1168; x_wconf 81' lang='lat' dir='ltr'>recitationibus</span> 
     </span>
     <span class='ocr_line' id='line_1_9' title="bbox 365 1201 1513 1288; baseline 0 -24"><span class='ocrx_word' id='word_1_73' title='bbox 365 1204 485 1282; x_wconf 83' lang='lat' dir='ltr'>gloriari</span> <span class='ocrx_word' id='word_1_74' title='bbox 504 1205 634 1264; x_wconf 90' lang='lat' dir='ltr'>noluisse</span> <span class='ocrx_word' id='word_1_75' title='bbox 653 1201 705 1262; x_wconf 90' lang='lat' dir='ltr'>sed</span> <span class='ocrx_word' id='word_1_76' title='bbox 727 1203 798 1262; x_wconf 84' lang='lat' dir='ltr'>satis</span> <span class='ocrx_word' id='word_1_77' title='bbox 816 1201 955 1262; x_wconf 89' lang='lat' dir='ltr'>babuisse</span> <span class='ocrx_word' id='word_1_78' title='bbox 976 1201 1143 1262; x_wconf 83' lang='lat' dir='ltr'>incredibili</span> <span class='ocrx_word' id='word_1_79' title='bbox 1163 1203 1308 1264; x_wconf 87' lang='lat' dir='ltr'>breuitate</span> <span class='ocrx_word' id='word_1_80' title='bbox 1329 1225 1513 1288; x_wconf 89' lang='lat' dir='ltr'>summorum</span> 
     </span>
     <span class='ocr_line' id='line_1_10' title="bbox 365 1299 1513 1382; baseline -0.003 -18"><span class='ocrx_word' id='word_1_81' title='bbox 365 1305 499 1364; x_wconf 90' lang='lat' dir='ltr'>uirorum</span> <span class='ocrx_word' id='word_1_82' title='bbox 528 1302 730 1362; x_wconf 89' lang='lat' dir='ltr'>Romanorum</span> <span class='ocrx_word' id='word_1_83' title='bbox 765 1299 842 1360; x_wconf 84' lang='lat' dir='ltr'>facta</span> <span class='ocrx_word' id='word_1_84' title='bbox 878 1301 1126 1380; x_wconf 82' lang='lat' dir='ltr'>magistratusque</span> <span class='ocrx_word' id='word_1_85' title='bbox 1167 1307 1316 1382; x_wconf 88' lang='lat' dir='ltr'>quaternis</span> <span class='ocrx_word' id='word_1_86' title='bbox 1356 1303 1513 1382; x_wconf 83' lang='lat' dir='ltr'>quinisque</span> 
     </span>
     <span class='ocr_line' id='line_1_11' title="bbox 365 1397 1514 1486; baseline -0.003 -23"><span class='ocrx_word' id='word_1_87' title='bbox 365 1401 504 1463; x_wconf 88' lang='lat' dir='ltr'>uersibus</span> <span class='ocrx_word' id='word_1_88' title='bbox 532 1399 586 1462; x_wconf 89' lang='lat' dir='ltr'>sub</span> <span class='ocrx_word' id='word_1_89' title='bbox 620 1399 801 1478; x_wconf 84' lang='lat' dir='ltr'>imaginibus</span> <span class='ocrx_word' id='word_1_90' title='bbox 831 1417 933 1460; x_wconf 90' lang='lat' dir='ltr'>eorum</span> <span class='ocrx_word' id='word_1_91' title='bbox 964 1401 1134 1478; x_wconf 81' lang='lat' dir='ltr'>exposuisse</span> <span class='ocrx_word' id='word_1_92' title='bbox 1161 1401 1329 1478; x_wconf 76' lang='lat' dir='ltr'>(18,5oq.)</span> <span class='ocrx_word' id='word_1_93' title='bbox 1340 1397 1371 1486; x_wconf 71' lang='lat'>²),</span> <span class='ocrx_word' id='word_1_94' title='bbox 1406 1405 1447 1462; x_wconf 87' lang='lat' dir='ltr'>sic</span> <span class='ocrx_word' id='word_1_95' title='bbox 1480 1401 1514 1462; x_wconf 90' lang='lat' dir='ltr'>de</span> 
     </span>
     <span class='ocr_line' id='line_1_12' title="bbox 365 1495 1511 1578; baseline -0.001 -19"><span class='ocrx_word' id='word_1_96' title='bbox 365 1501 489 1560; x_wconf 86' lang='lat' dir='ltr'>historia</span> <span class='ocrx_word' id='word_1_97' title='bbox 515 1517 618 1558; x_wconf 87' lang='lat' dir='ltr'>rerum</span> <span class='ocrx_word' id='word_1_98' title='bbox 643 1495 847 1558; x_wconf 84' lang='lat' dir='ltr'>tantummodo</span> <span class='ocrx_word' id='word_1_99' title='bbox 876 1499 1086 1576; x_wconf 82' lang='lat' dir='ltr'>cognitionem,</span> <span class='ocrx_word' id='word_1_100' title='bbox 1122 1497 1314 1578; x_wconf 72' lang='lat' dir='ltr'>diligentiam,</span> <span class='ocrx_word' id='word_1_101' title='bbox 1349 1501 1511 1560; x_wconf 88' lang='lat' dir='ltr'>ubertatem</span> 
     </span>
     <span class='ocr_line' id='line_1_13' title="bbox 366 1595 1513 1678; baseline -0.002 -20"><span class='ocrx_word' id='word_1_102' title='bbox 366 1597 515 1678; x_wconf 85' lang='lat' dir='ltr'>praedicat</span> <span class='ocrx_word' id='word_1_103' title='bbox 539 1615 634 1674; x_wconf 89' lang='lat' dir='ltr'>neque</span> <span class='ocrx_word' id='word_1_104' title='bbox 659 1597 819 1675; x_wconf 89' lang='lat' dir='ltr'>quidquam</span> <span class='ocrx_word' id='word_1_105' title='bbox 845 1615 877 1654; x_wconf 92' lang='lat' dir='ltr'>ea</span> <span class='ocrx_word' id='word_1_106' title='bbox 903 1595 1016 1657; x_wconf 90' lang='lat' dir='ltr'>dulcius</span> <span class='ocrx_word' id='word_1_107' title='bbox 1044 1615 1108 1656; x_wconf 91' lang='lat' dir='ltr'>esse</span> <span class='ocrx_word' id='word_1_108' title='bbox 1129 1617 1218 1676; x_wconf 90' lang='lat' dir='ltr'>posse</span> <span class='ocrx_word' id='word_1_109' title='bbox 1239 1599 1291 1678; x_wconf 90' lang='lat' dir='ltr'>cis,</span> <span class='ocrx_word' id='word_1_110' title='bbox 1314 1603 1365 1678; x_wconf 91' lang='lat' dir='ltr'>qui</span> <span class='ocrx_word' id='word_1_111' title='bbox 1386 1599 1513 1678; x_wconf 90' lang='lat' dir='ltr'>aliquam</span> 
     </span>
     <span class='ocr_line' id='line_1_14' title="bbox 366 1693 1513 1782; baseline 0 -26"><span class='ocrx_word' id='word_1_112' title='bbox 366 1697 558 1774; x_wconf 87' lang='lat' dir='ltr'>cupiditatem</span> <span class='ocrx_word' id='word_1_113' title='bbox 587 1695 716 1756; x_wconf 85' lang='lat' dir='ltr'>babeant</span> <span class='ocrx_word' id='word_1_114' title='bbox 747 1695 870 1754; x_wconf 89' lang='lat' dir='ltr'>notitiae</span> <span class='ocrx_word' id='word_1_115' title='bbox 903 1697 1050 1754; x_wconf 90' lang='lat' dir='ltr'>clarorum</span> <span class='ocrx_word' id='word_1_116' title='bbox 1081 1699 1216 1758; x_wconf 91' lang='lat' dir='ltr'>uirorum</span> <span class='ocrx_word' id='word_1_117' title='bbox 1245 1699 1285 1770; x_wconf 83' lang='lat' dir='ltr'>(c.</span> <span class='ocrx_word' id='word_1_118' title='bbox 1305 1693 1370 1782; x_wconf 74' lang='grc'>18).</span> <span class='ocrx_word' id='word_1_119' title='bbox 1419 1697 1513 1758; x_wconf 85' lang='lat' dir='ltr'>Etiam</span> 
     </span>
     <span class='ocr_line' id='line_1_15' title="bbox 367 1791 1514 1872; baseline -0.002 -18"><span class='ocrx_word' id='word_1_120' title='bbox 367 1795 432 1856; x_wconf 89' lang='lat' dir='ltr'>aliis</span> <span class='ocrx_word' id='word_1_121' title='bbox 458 1795 550 1854; x_wconf 92' lang='lat' dir='ltr'>rebus</span> <span class='ocrx_word' id='word_1_122' title='bbox 575 1795 649 1854; x_wconf 89' lang='lat' dir='ltr'>baec</span> <span class='ocrx_word' id='word_1_123' title='bbox 674 1795 748 1852; x_wconf 90' lang='lat' dir='ltr'>ratio</span> <span class='ocrx_word' id='word_1_124' title='bbox 773 1791 940 1852; x_wconf 88' lang='lat' dir='ltr'>studiorum</span> <span class='ocrx_word' id='word_1_125' title='bbox 966 1795 1180 1872; x_wconf 89' lang='lat' dir='ltr'>comprobatur.</span> <span class='ocrx_word' id='word_1_126' title='bbox 1229 1815 1296 1856; x_wconf 89' lang='lat' dir='ltr'>nam</span> <span class='ocrx_word' id='word_1_127' title='bbox 1320 1795 1423 1856; x_wconf 90' lang='lat' dir='ltr'>Cicero</span> <span class='ocrx_word' id='word_1_128' title='bbox 1448 1813 1514 1856; x_wconf 88' lang='lat' dir='ltr'>cnm</span> 
     </span>
     <span class='ocr_line' id='line_1_16' title="bbox 367 1890 1514 1972; baseline 0 -18"><span class='ocrx_word' id='word_1_129' title='bbox 367 1897 431 1954; x_wconf 89' lang='lat' dir='ltr'>eius</span> <span class='ocrx_word' id='word_1_130' title='bbox 459 1891 570 1953; x_wconf 90' lang='lat' dir='ltr'>librum</span> <span class='ocrx_word' id='word_1_131' title='bbox 602 1891 635 1952; x_wconf 90' lang='lat' dir='ltr'>de</span> <span class='ocrx_word' id='word_1_132' title='bbox 668 1891 821 1952; x_wconf 88' lang='lat' dir='ltr'>consulatu</span> <span class='ocrx_word' id='word_1_133' title='bbox 854 1890 986 1972; x_wconf 77' lang='lat' dir='ltr'>legisset,</span> <span class='ocrx_word' id='word_1_134' title='bbox 1015 1891 1168 1954; x_wconf 89' lang='lat' dir='ltr'>horridula</span> <span class='ocrx_word' id='word_1_135' title='bbox 1195 1893 1252 1954; x_wconf 88' lang='lat' dir='ltr'>sibi</span> <span class='ocrx_word' id='word_1_136' title='bbox 1280 1895 1328 1954; x_wconf 87' lang='lat' dir='ltr'>illa</span> <span class='ocrx_word' id='word_1_137' title='bbox 1359 1903 1443 1972; x_wconf 89' lang='lat' dir='ltr'>atque</span> <span class='ocrx_word' id='word_1_138' title='bbox 1472 1897 1514 1954; x_wconf 91' lang='lat' dir='ltr'>in-</span> 
     </span>
     <span class='ocr_line' id='line_1_17' title="bbox 367 1991 1515 2072; baseline -0.002 -20"><span class='ocrx_word' id='word_1_139' title='bbox 367 2000 482 2072; x_wconf 88' lang='lat' dir='ltr'>compta</span> <span class='ocrx_word' id='word_1_140' title='bbox 511 1993 577 2050; x_wconf 88' lang='lat' dir='ltr'>nisa</span> <span class='ocrx_word' id='word_1_141' title='bbox 608 2009 674 2050; x_wconf 90' lang='lat' dir='ltr'>esse</span> <span class='ocrx_word' id='word_1_142' title='bbox 702 1991 871 2068; x_wconf 76' lang='lat' dir='ltr'>rescripsit,</span> <span class='ocrx_word' id='word_1_143' title='bbox 907 1999 1007 2050; x_wconf 87' lang='lat' dir='ltr'>ornata</span> <span class='ocrx_word' id='word_1_144' title='bbox 1039 1991 1093 2050; x_wconf 89' lang='lat' dir='ltr'>boc</span> <span class='ocrx_word' id='word_1_145' title='bbox 1124 1993 1216 2072; x_wconf 79' lang='lat' dir='ltr'>ipso,</span> <span class='ocrx_word' id='word_1_146' title='bbox 1234 1993 1310 2070; x_wconf 92' lang='lat' dir='ltr'>quod</span> <span class='ocrx_word' id='word_1_147' title='bbox 1345 2001 1515 2052; x_wconf 88' lang='lat' dir='ltr'>ornamenta</span> 
     </span>
     <span class='ocr_line' id='line_1_18' title="bbox 366 2089 1516 2170; baseline -0.002 -18"><span class='ocrx_word' id='word_1_148' title='bbox 366 2091 500 2170; x_wconf 80' lang='lat' dir='ltr'>neglecta</span> <span class='ocrx_word' id='word_1_149' title='bbox 528 2098 630 2150; x_wconf 84' lang='lat' dir='ltr'>essent.</span> <span class='ocrx_word' id='word_1_150' title='bbox 653 2091 710 2162; x_wconf 84' lang='lat' dir='ltr'>(od</span> <span class='ocrx_word' id='word_1_151' title='bbox 732 2089 793 2148; x_wconf 74' lang='lat' dir='ltr'>Ati.</span> <span class='ocrx_word' id='word_1_152' title='bbox 813 2089 853 2148; x_wconf 84' lang='lat' dir='ltr'>II</span> <span class='ocrx_word' id='word_1_153' title='bbox 873 2089 898 2164; x_wconf 79' lang='lat' dir='ltr'>t,</span> <span class='ocrx_word' id='word_1_154' title='bbox 921 2089 963 2162; x_wconf 78' lang='lat' dir='ltr'>t).</span> <span class='ocrx_word' id='word_1_155' title='bbox 1011 2089 1117 2152; x_wconf 89' lang='lat' dir='ltr'>deinde</span> <span class='ocrx_word' id='word_1_156' title='bbox 1147 2089 1260 2152; x_wconf 51' lang='lat' dir='ltr'>:titicus</span> <span class='ocrx_word' id='word_1_157' title='bbox 1293 2097 1357 2152; x_wconf 85' lang='lat' dir='ltr'>arta</span> <span class='ocrx_word' id='word_1_158' title='bbox 1386 2093 1516 2152; x_wconf 85' lang='lat' dir='ltr'>amicitia</span> 
     </span>
     <span class='ocr_line' id='line_1_19' title="bbox 368 2187 1516 2268; baseline 0.001 -20"><span class='ocrx_word' id='word_1_159' title='bbox 368 2209 435 2248; x_wconf 91' lang='lat' dir='ltr'>cum</span> <span class='ocrx_word' id='word_1_160' title='bbox 456 2187 495 2248; x_wconf 88' lang='lat' dir='ltr'>M.</span> <span class='ocrx_word' id='word_1_161' title='bbox 512 2188 652 2248; x_wconf 87' lang='lat' dir='ltr'>Terentio</span> <span class='ocrx_word' id='word_1_162' title='bbox 671 2187 802 2246; x_wconf 77' lang='lat' dir='ltr'>Varrone</span> <span class='ocrx_word' id='word_1_163' title='bbox 830 2189 1005 2248; x_wconf 81' lang='lat' dir='ltr'>corrinnrtus</span> <span class='ocrx_word' id='word_1_164' title='bbox 1035 2197 1110 2268; x_wconf 88' lang='lat' dir='ltr'>erat,</span> <span class='ocrx_word' id='word_1_165' title='bbox 1134 2191 1184 2266; x_wconf 90' lang='lat' dir='ltr'>qni</span> <span class='ocrx_word' id='word_1_166' title='bbox 1214 2197 1243 2248; x_wconf 93' lang='lat' dir='ltr'>et</span> <span class='ocrx_word' id='word_1_167' title='bbox 1266 2190 1357 2250; x_wconf 85' lang='lat' dir='ltr'>libros</span> <span class='ocrx_word' id='word_1_168' title='bbox 1380 2191 1427 2250; x_wconf 82' lang='lat' dir='ltr'>De</span> <span class='ocrx_word' id='word_1_169' title='bbox 1450 2197 1516 2250; x_wconf 80' lang='lat' dir='ltr'>crito</span> 
     </span>
     <span class='ocr_line' id='line_1_20' title="bbox 360 2285 1516 2368; baseline -0.002 -20"><span class='ocrx_word' id='word_1_170' title='bbox 360 2291 469 2366; x_wconf 79' lang='lat' dir='ltr'>populi</span> <span class='ocrx_word' id='word_1_171' title='bbox 489 2289 622 2348; x_wconf 76' lang='lat' dir='ltr'>Berconi</span> <span class='ocrx_word' id='word_1_172' title='bbox 643 2285 772 2344; x_wconf 89' lang='lat' dir='ltr'>adeum</span> <span class='ocrx_word' id='word_1_173' title='bbox 797 2287 877 2344; x_wconf 90' lang='lat' dir='ltr'>misit</span> <span class='ocrx_word' id='word_1_174' title='bbox 901 2293 931 2346; x_wconf 92' lang='lat' dir='ltr'>et</span> <span class='ocrx_word' id='word_1_175' title='bbox 954 2305 1045 2346; x_wconf 86' lang='lat' dir='ltr'>senex</span> <span class='ocrx_word' id='word_1_176' title='bbox 1065 2289 1099 2346; x_wconf 91' lang='lat' dir='ltr'>in</span> <span class='ocrx_word' id='word_1_177' title='bbox 1123 2289 1176 2368; x_wconf 84' lang='lat' dir='ltr'>eis,</span> <span class='ocrx_word' id='word_1_178' title='bbox 1199 2307 1273 2368; x_wconf 88' lang='lat' dir='ltr'>quos</span> <span class='ocrx_word' id='word_1_179' title='bbox 1299 2287 1332 2348; x_wconf 92' lang='lat' dir='ltr'>de</span> <span class='ocrx_word' id='word_1_180' title='bbox 1354 2307 1384 2348; x_wconf 91' lang='lat' dir='ltr'>re</span> <span class='ocrx_word' id='word_1_181' title='bbox 1407 2291 1516 2348; x_wconf 90' lang='lat' dir='ltr'>rustica</span> 
     </span>
     <span class='ocr_line' id='line_1_21' title="bbox 368 2383 1515 2468; baseline 0 -22"><span class='ocrx_word' id='word_1_182' title='bbox 368 2387 541 2464; x_wconf 77' lang='lat' dir='ltr'>composuit,</span> <span class='ocrx_word' id='word_1_183' title='bbox 566 2383 780 2464; x_wconf 77' lang='lat' dir='ltr'>colloquentem</span> <span class='ocrx_word' id='word_1_184' title='bbox 805 2403 873 2444; x_wconf 88' lang='lat' dir='ltr'>eum</span> <span class='ocrx_word' id='word_1_185' title='bbox 891 2383 1016 2468; x_wconf 85' lang='lat' dir='ltr'>induxit,</span> <span class='ocrx_word' id='word_1_186' title='bbox 1038 2405 1105 2446; x_wconf 83' lang='lat' dir='ltr'>cunr</span> <span class='ocrx_word' id='word_1_187' title='bbox 1124 2383 1228 2446; x_wconf 89' lang='lat' dir='ltr'>Cicero</span> <span class='ocrx_word' id='word_1_188' title='bbox 1247 2389 1344 2446; x_wconf 88' lang='lat' dir='ltr'>animo</span> <span class='ocrx_word' id='word_1_189' title='bbox 1365 2393 1392 2446; x_wconf 90' lang='lat' dir='ltr'>et</span> <span class='ocrx_word' id='word_1_190' title='bbox 1413 2385 1515 2446; x_wconf 91' lang='lat' dir='ltr'>uolun-</span> 
     </span>
     <span class='ocr_line' id='line_1_22' title="bbox 368 2481 1516 2565; baseline -0.002 -20"><span class='ocrx_word' id='word_1_191' title='bbox 368 2495 427 2545; x_wconf 85' lang='lat' dir='ltr'>tate</span> <span class='ocrx_word' id='word_1_192' title='bbox 451 2484 488 2543; x_wconf 90' lang='lat' dir='ltr'>ad</span> <span class='ocrx_word' id='word_1_193' title='bbox 505 2486 668 2543; x_wconf 77' lang='lat' dir='ltr'>Varronem</span> <span class='ocrx_word' id='word_1_194' title='bbox 690 2481 769 2543; x_wconf 87' lang='lat' dir='ltr'>baud</span> <span class='ocrx_word' id='word_1_195' title='bbox 793 2485 833 2543; x_wconf 89' lang='lat' dir='ltr'>ita</span> <span class='ocrx_word' id='word_1_196' title='bbox 858 2484 1013 2543; x_wconf 89' lang='lat' dir='ltr'>inclinaret</span> <span class='ocrx_word' id='word_1_197' title='bbox 1038 2484 1191 2563; x_wconf 77' lang='lat' dir='ltr'>Atticoqne</span> <span class='ocrx_word' id='word_1_198' title='bbox 1216 2488 1324 2545; x_wconf 84' lang='lat' dir='ltr'>iterum</span> <span class='ocrx_word' id='word_1_199' title='bbox 1349 2488 1516 2565; x_wconf 88' lang='lat' dir='ltr'>iterumque</span> 
     </span>
     <span class='ocr_line' id='line_1_23' title="bbox 368 2582 1516 2662; baseline 0 -17"><span class='ocrx_word' id='word_1_200' title='bbox 368 2582 532 2645; x_wconf 85' lang='lat' dir='ltr'>monendus</span> <span class='ocrx_word' id='word_1_201' title='bbox 557 2591 643 2662; x_wconf 87' lang='lat' dir='ltr'>esset,</span> <span class='ocrx_word' id='word_1_202' title='bbox 667 2589 699 2641; x_wconf 88' lang='lat' dir='ltr'>ut</span> <span class='ocrx_word' id='word_1_203' title='bbox 722 2582 896 2661; x_wconf 82' lang='lat' dir='ltr'>inscriptis</span> <span class='ocrx_word' id='word_1_204' title='bbox 924 2582 985 2643; x_wconf 89' lang='lat' dir='ltr'>suis</span> <span class='ocrx_word' id='word_1_205' title='bbox 1008 2583 1071 2643; x_wconf 89' lang='lat' dir='ltr'>eius</span> <span class='ocrx_word' id='word_1_206' title='bbox 1097 2586 1240 2645; x_wconf 87' lang='lat' dir='ltr'>rationem</span> <span class='ocrx_word' id='word_1_207' title='bbox 1262 2584 1393 2645; x_wconf 90' lang='lat' dir='ltr'>haberet.</span> <span class='ocrx_word' id='word_1_208' title='bbox 1428 2586 1516 2645; x_wconf 88' lang='lat' dir='ltr'>etiam</span> 
     </span>
     <span class='ocr_line' id='line_1_24' title="bbox 368 2678 1514 2761; baseline -0.001 -19"><span class='ocrx_word' id='word_1_209' title='bbox 368 2684 456 2743; x_wconf 74' lang='lat' dir='ltr'>,attici</span> <span class='ocrx_word' id='word_1_210' title='bbox 483 2684 575 2759; x_wconf 83' lang='lat' dir='ltr'>igitur</span> <span class='ocrx_word' id='word_1_211' title='bbox 602 2680 708 2741; x_wconf 88' lang='lat' dir='ltr'>honori</span> <span class='ocrx_word' id='word_1_212' title='bbox 735 2678 766 2739; x_wconf 92' lang='lat' dir='ltr'>id</span> <span class='ocrx_word' id='word_1_213' title='bbox 794 2680 935 2741; x_wconf 82' lang='lat' dir='ltr'>tribuisse</span> <span class='ocrx_word' id='word_1_214' title='bbox 958 2682 1090 2761; x_wconf 85' lang='lat' dir='ltr'>uidetur,</span> <span class='ocrx_word' id='word_1_215' title='bbox 1119 2690 1153 2741; x_wconf 88' lang='lat' dir='ltr'>ut</span> <span class='ocrx_word' id='word_1_216' title='bbox 1180 2684 1211 2741; x_wconf 91' lang='lat' dir='ltr'>in</span> <span class='ocrx_word' id='word_1_217' title='bbox 1236 2682 1324 2743; x_wconf 87' lang='lat' dir='ltr'>Bruto</span> <span class='ocrx_word' id='word_1_218' title='bbox 1351 2684 1417 2757; x_wconf 82' lang='lat'>(75,</span> <span class='ocrx_word' id='word_1_219' title='bbox 1436 2684 1514 2755; x_wconf 73' lang='lat'>262)</span> 
     </span>
     <span class='ocr_line' id='line_1_25' title="bbox 371 2780 1517 2861; baseline -0.003 -20"><span class='ocrx_word' id='word_1_220' title='bbox 371 2782 403 2842; x_wconf 81' lang='lat' dir='ltr'>de</span> <span class='ocrx_word' id='word_1_221' title='bbox 430 2780 564 2841; x_wconf 82' lang='lat' dir='ltr'>Caesaris</span> <span class='ocrx_word' id='word_1_222' title='bbox 587 2780 808 2839; x_wconf 86' lang='lat' dir='ltr'>commentariis</span> <span class='ocrx_word' id='word_1_223' title='bbox 834 2780 970 2841; x_wconf 88' lang='lat' dir='ltr'>iudicans</span> <span class='ocrx_word' id='word_1_224' title='bbox 998 2780 1072 2839; x_wconf 88' lang='lat' dir='ltr'>nihil</span> <span class='ocrx_word' id='word_1_225' title='bbox 1102 2800 1167 2841; x_wconf 89' lang='lat' dir='ltr'>esse</span> <span class='ocrx_word' id='word_1_226' title='bbox 1189 2782 1221 2839; x_wconf 93' lang='lat' dir='ltr'>in</span> <span class='ocrx_word' id='word_1_227' title='bbox 1245 2780 1368 2841; x_wconf 90' lang='lat' dir='ltr'>historia</span> <span class='ocrx_word' id='word_1_228' title='bbox 1389 2798 1465 2861; x_wconf 89' lang='lat' dir='ltr'>pura</span> <span class='ocrx_word' id='word_1_229' title='bbox 1490 2788 1517 2841; x_wconf 88' lang='lat' dir='ltr'>ot</span> 
     </span>
     <span class='ocr_line' id='line_1_26' title="bbox 370 2872 1516 2963; baseline -0.001 -24"><span class='ocrx_word' id='word_1_230' title='bbox 370 2879 478 2939; x_wconf 83' lang='lat' dir='ltr'>illustri</span> <span class='ocrx_word' id='word_1_231' title='bbox 509 2878 656 2939; x_wconf 85' lang='lat' dir='ltr'>breuitate</span> <span class='ocrx_word' id='word_1_232' title='bbox 689 2876 804 2937; x_wconf 85' lang='lat' dir='ltr'>dulcius</span> <span class='ocrx_word' id='word_1_233' title='bbox 834 2894 899 2939; x_wconf 89' lang='lat' dir='ltr'>esse</span> <span class='ocrx_word' id='word_1_234' title='bbox 933 2872 1114 2963; x_wconf 59' lang='lat' dir='ltr'>statuenti)</span> <span class='ocrx_word' id='word_1_235' title='bbox 1151 2886 1214 2939; x_wconf 88' lang='lat' dir='ltr'>tum</span> <span class='ocrx_word' id='word_1_236' title='bbox 1245 2878 1361 2959; x_wconf 79' lang='lat' dir='ltr'>Cicera,</span> <span class='ocrx_word' id='word_1_237' title='bbox 1390 2898 1456 2939; x_wconf 86' lang='lat' dir='ltr'>eum</span> <span class='ocrx_word' id='word_1_238' title='bbox 1483 2878 1516 2939; x_wconf 90' lang='lat' dir='ltr'>ad</span> 
     </span>
     <span class='ocr_line' id='line_1_27' title="bbox 369 2974 1516 3057; baseline -0.002 -20"><span class='ocrx_word' id='word_1_239' title='bbox 369 2979 499 3038; x_wconf 71' lang='lat' dir='ltr'>Atticum</span> <span class='ocrx_word' id='word_1_240' title='bbox 522 2974 669 3037; x_wconf 84' lang='lat' dir='ltr'>scriberet</span> <span class='ocrx_word' id='word_1_241' title='bbox 692 2978 759 3047; x_wconf 79' lang='lat' dir='ltr'>(Vr</span> <span class='ocrx_word' id='word_1_242' title='bbox 776 2978 808 3052; x_wconf 88' lang='lat' dir='ltr'>l,</span> <span class='ocrx_word' id='word_1_243' title='bbox 826 2976 892 3055; x_wconf 75' lang='grc'>18),</span> <span class='ocrx_word' id='word_1_244' title='bbox 918 2976 1069 3037; x_wconf 84' lang='lat' dir='ltr'>&#39;limacum</span> <span class='ocrx_word' id='word_1_245' title='bbox 1095 2980 1158 3037; x_wconf 89' lang='lat' dir='ltr'>eius</span> <span class='ocrx_word' id='word_1_246' title='bbox 1183 2978 1359 3037; x_wconf 85' lang='lat' dir='ltr'>tantiliarem</span> <span class='ocrx_word' id='word_1_247' title='bbox 1382 2978 1516 3057; x_wconf 89' lang='lat' dir='ltr'>appellat,</span> 
     </span>
     <span class='ocr_line' id='line_1_28' title="bbox 371 3074 1516 3155; baseline -0.003 -19"><span class='ocrx_word' id='word_1_248' title='bbox 371 3094 458 3155; x_wconf 88' lang='lat' dir='ltr'>quem</span> <span class='ocrx_word' id='word_1_249' title='bbox 491 3074 622 3153; x_wconf 86' lang='lat' dir='ltr'>antiquis</span> <span class='ocrx_word' id='word_1_250' title='bbox 654 3074 835 3152; x_wconf 89' lang='lat' dir='ltr'>temporibus</span> <span class='ocrx_word' id='word_1_251' title='bbox 867 3080 990 3155; x_wconf 87' lang='lat' dir='ltr'>propter</span> <span class='ocrx_word' id='word_1_252' title='bbox 1020 3078 1120 3135; x_wconf 87' lang='lat' dir='ltr'>omnia</span> <span class='ocrx_word' id='word_1_253' title='bbox 1152 3076 1309 3155; x_wconf 78' lang='lat' dir='ltr'>colligendi</span> <span class='ocrx_word' id='word_1_254' title='bbox 1341 3074 1516 3137; x_wconf 87' lang='lat' dir='ltr'>industriam</span> 
     </span>
     <span class='ocr_line' id='line_1_29' title="bbox 371 3170 1516 3253; baseline 0 -20"><span class='ocrx_word' id='word_1_255' title='bbox 371 3185 596 3253; x_wconf 84' lang='lat' dir='ltr'>temporumque</span> <span class='ocrx_word' id='word_1_256' title='bbox 623 3170 735 3233; x_wconf 90' lang='lat' dir='ltr'>ordinis</span> <span class='ocrx_word' id='word_1_257' title='bbox 759 3172 957 3233; x_wconf 90' lang='lat' dir='ltr'>constituendi</span> <span class='ocrx_word' id='word_1_258' title='bbox 984 3174 1113 3235; x_wconf 88' lang='lat' dir='ltr'>studium</span> <span class='ocrx_word' id='word_1_259' title='bbox 1136 3174 1199 3233; x_wconf 91' lang='lat' dir='ltr'>aliis</span> <span class='ocrx_word' id='word_1_260' title='bbox 1231 3174 1425 3253; x_wconf 88' lang='lat' dir='ltr'>admirationi,</span> <span class='ocrx_word' id='word_1_261' title='bbox 1453 3176 1516 3233; x_wconf 83' lang='lat' dir='ltr'>aliis</span> 
     </span>
     <span class='ocr_line' id='line_1_30' title="bbox 371 3272 1516 3353; baseline -0.001 -20"><span class='ocrx_word' id='word_1_262' title='bbox 371 3272 478 3335; x_wconf 89' lang='lat' dir='ltr'>inrisui</span> <span class='ocrx_word' id='word_1_263' title='bbox 506 3274 597 3333; x_wconf 88' lang='lat' dir='ltr'>luisse</span> <span class='ocrx_word' id='word_1_264' title='bbox 628 3278 751 3333; x_wconf 84' lang='lat' dir='ltr'>constat</span> <span class='ocrx_word' id='word_1_265' title='bbox 788 3272 916 3351; x_wconf 88' lang='lat' dir='ltr'>denique</span> <span class='ocrx_word' id='word_1_266' title='bbox 941 3290 976 3331; x_wconf 83' lang='lat' dir='ltr'>ex</span> <span class='ocrx_word' id='word_1_267' title='bbox 998 3274 1054 3333; x_wconf 89' lang='lat' dir='ltr'>boc</span> <span class='ocrx_word' id='word_1_268' title='bbox 1078 3276 1141 3335; x_wconf 92' lang='lat' dir='ltr'>eius</span> <span class='ocrx_word' id='word_1_269' title='bbox 1168 3290 1273 3353; x_wconf 82' lang='lat' dir='ltr'>genere</span> <span class='ocrx_word' id='word_1_270' title='bbox 1300 3272 1447 3333; x_wconf 87' lang='lat' dir='ltr'>scribendi</span> <span class='ocrx_word' id='word_1_271' title='bbox 1474 3292 1516 3333; x_wconf 87' lang='lat' dir='ltr'>re-</span> 
     </span>
     <span class='ocr_line' id='line_1_31' title="bbox 371 3364 1517 3452; baseline -0.002 -21"><span class='ocrx_word' id='word_1_272' title='bbox 371 3368 530 3452; x_wconf 89' lang='lat' dir='ltr'>petendum</span> <span class='ocrx_word' id='word_1_273' title='bbox 556 3377 609 3449; x_wconf 89' lang='lat' dir='ltr'>est,</span> <span class='ocrx_word' id='word_1_274' title='bbox 633 3368 711 3449; x_wconf 89' lang='lat' dir='ltr'>quod</span> <span class='ocrx_word' id='word_1_275' title='bbox 737 3377 765 3431; x_wconf 88' lang='lat' dir='ltr'>et</span> <span class='ocrx_word' id='word_1_276' title='bbox 784 3370 965 3449; x_wconf 78' lang='lat' dir='ltr'>Ciceronem,</span> <span class='ocrx_word' id='word_1_277' title='bbox 991 3380 1021 3431; x_wconf 90' lang='lat' dir='ltr'>ut</span> <span class='ocrx_word' id='word_1_278' title='bbox 1043 3372 1077 3431; x_wconf 90' lang='lat' dir='ltr'>ad</span> <span class='ocrx_word' id='word_1_279' title='bbox 1096 3374 1249 3433; x_wconf 86' lang='lat' dir='ltr'>historiam</span> <span class='ocrx_word' id='word_1_280' title='bbox 1269 3390 1302 3431; x_wconf 88' lang='lat' dir='ltr'>se</span> <span class='ocrx_word' id='word_1_281' title='bbox 1320 3364 1517 3447; x_wconf 87' lang='lat' dir='ltr'>corruerteret,</span> 
     </span>
     <span class='ocr_line' id='line_1_32' title="bbox 372 3468 1518 3549; baseline -0.001 -20"><span class='ocrx_word' id='word_1_282' title='bbox 372 3469 523 3531; x_wconf 86' lang='lat' dir='ltr'>adhortari</span> <span class='ocrx_word' id='word_1_283' title='bbox 543 3488 604 3527; x_wconf 91' lang='lat' dir='ltr'>non</span> <span class='ocrx_word' id='word_1_284' title='bbox 629 3468 750 3546; x_wconf 87' lang='lat' dir='ltr'>destitit,</span> <span class='ocrx_word' id='word_1_285' title='bbox 772 3488 837 3529; x_wconf 91' lang='lat' dir='ltr'>eam</span> <span class='ocrx_word' id='word_1_286' title='bbox 864 3470 976 3531; x_wconf 88' lang='lat' dir='ltr'>scilicet</span> <span class='ocrx_word' id='word_1_287' title='bbox 1000 3470 1035 3529; x_wconf 92' lang='lat' dir='ltr'>ob</span> <span class='ocrx_word' id='word_1_288' title='bbox 1060 3488 1187 3549; x_wconf 91' lang='lat' dir='ltr'>causam,</span> <span class='ocrx_word' id='word_1_289' title='bbox 1211 3488 1248 3529; x_wconf 91' lang='lat' dir='ltr'>ne</span> <span class='ocrx_word' id='word_1_290' title='bbox 1274 3470 1383 3529; x_wconf 88' lang='lat' dir='ltr'>diutius</span> <span class='ocrx_word' id='word_1_291' title='bbox 1403 3470 1518 3531; x_wconf 88' lang='lat' dir='ltr'>litterae</span> 
     </span>
    </p>
   </div>
   <div class='ocr_carea' id='block_1_3' title="bbox 372 3638 1535 4435">
    <p class='ocr_par' dir='ltr' id='par_1_3' title="bbox 372 3638 1535 4031">
     <span class='ocr_line' id='line_1_33' title="bbox 461 3638 1519 3709; baseline 0 -18"><span class='ocrx_word' id='word_1_292' title='bbox 461 3640 488 3707; x_wconf 82' lang='lat'>1)</span> <span class='ocrx_word' id='word_1_293' title='bbox 506 3638 564 3693; x_wconf 85' lang='lat' dir='ltr'>Hos</span> <span class='ocrx_word' id='word_1_294' title='bbox 586 3656 685 3691; x_wconf 83' lang='lat' dir='ltr'>uersus</span> <span class='ocrx_word' id='word_1_295' title='bbox 707 3644 837 3709; x_wconf 81' lang='lat' dir='ltr'>separato</span> <span class='ocrx_word' id='word_1_296' title='bbox 863 3638 1004 3695; x_wconf 87' lang='lat' dir='ltr'>uolumine</span> <span class='ocrx_word' id='word_1_297' title='bbox 1027 3640 1134 3709; x_wconf 86' lang='lat' dir='ltr'>publici</span> <span class='ocrx_word' id='word_1_298' title='bbox 1162 3640 1231 3693; x_wconf 85' lang='lat' dir='ltr'>iuris</span> <span class='ocrx_word' id='word_1_299' title='bbox 1254 3640 1330 3707; x_wconf 82' lang='lat' dir='ltr'>fecit,</span> <span class='ocrx_word' id='word_1_300' title='bbox 1357 3640 1378 3695; x_wconf 86' lang='lat' dir='ltr'>si</span> <span class='ocrx_word' id='word_1_301' title='bbox 1405 3640 1519 3709; x_wconf 85' lang='lat' dir='ltr'>quidem</span> 
     </span>
     <span class='ocr_line' id='line_1_34' title="bbox 372 3718 1518 3791; baseline 0.003 -18"><span class='ocrx_word' id='word_1_302' title='bbox 372 3720 478 3773; x_wconf 82' lang='lat' dir='ltr'>Plinius</span> <span class='ocrx_word' id='word_1_303' title='bbox 498 3740 524 3773; x_wconf 90' lang='lat' dir='ltr'>n.</span> <span class='ocrx_word' id='word_1_304' title='bbox 539 3720 566 3773; x_wconf 94' lang='lat' dir='ltr'>h.</span> <span class='ocrx_word' id='word_1_305' title='bbox 582 3724 626 3786; x_wconf 76' lang='lat'>35,</span> <span class='ocrx_word' id='word_1_306' title='bbox 641 3726 673 3773; x_wconf 88' lang='lat'>11</span> <span class='ocrx_word' id='word_1_307' title='bbox 698 3720 756 3773; x_wconf 83' lang='lat' dir='ltr'>tale</span> <span class='ocrx_word' id='word_1_308' title='bbox 774 3722 834 3773; x_wconf 87' lang='lat' dir='ltr'>eins</span> <span class='ocrx_word' id='word_1_309' title='bbox 856 3736 925 3789; x_wconf 87' lang='lat' dir='ltr'>opus</span> <span class='ocrx_word' id='word_1_310' title='bbox 945 3718 1056 3775; x_wconf 83' lang='lat' dir='ltr'>citauit:</span> <span class='ocrx_word' id='word_1_311' title='bbox 1075 3722 1235 3791; x_wconf 75' lang='lat' dir='ltr'>Irrcopiotcm</span> <span class='ocrx_word' id='word_1_312' title='bbox 1254 3738 1370 3777; x_wconf 70' lang='lat' dir='ltr'>[cruorem</span> <span class='ocrx_word' id='word_1_313' title='bbox 1387 3724 1518 3791; x_wconf 68' lang='lat' dir='ltr'>ptopcoosc</span> 
     </span>
     <span class='ocr_line' id='line_1_35' title="bbox 372 3800 1535 3871; baseline 0.002 -16"><span class='ocrx_word' id='word_1_314' title='bbox 372 3800 511 3871; x_wconf 75' lang='lat' dir='ltr'>quondum</span> <span class='ocrx_word' id='word_1_315' title='bbox 523 3808 601 3855; x_wconf 80' lang='lat' dir='ltr'>testes</span> <span class='ocrx_word' id='word_1_316' title='bbox 614 3803 799 3855; x_wconf 66' lang='lat' dir='ltr'>contriturus</span> <span class='ocrx_word' id='word_1_317' title='bbox 813 3802 857 3855; x_wconf 38' lang='lat' dir='ltr'>sare</span> <span class='ocrx_word' id='word_1_318' title='bbox 870 3800 1006 3857; x_wconf 73' lang='lat' dir='ltr'>Ciceronis</span> <span class='ocrx_word' id='word_1_319' title='bbox 1019 3802 1089 3857; x_wconf 81' lang='lat' dir='ltr'>edito</span> <span class='ocrx_word' id='word_1_320' title='bbox 1106 3804 1136 3855; x_wconf 87' lang='lat' dir='ltr'>ote</span> <span class='ocrx_word' id='word_1_321' title='bbox 1151 3804 1189 3857; x_wconf 79' lang='lat' dir='ltr'>eis</span> <span class='ocrx_word' id='word_1_322' title='bbox 1202 3804 1352 3867; x_wconf 80' lang='lat' dir='ltr'>uolumine,</span> <span class='ocrx_word' id='word_1_323' title='bbox 1367 3804 1407 3855; x_wconf 79' lang='lat' dir='ltr'>dt.</span> <span class='ocrx_word' id='word_1_324' title='bbox 1424 3804 1518 3869; x_wconf 78' lang='lat' dir='ltr'>Varro,</span> <span class='ocrx_word' id='word_1_325' title='bbox 1533 3820 1535 3827; x_wconf 71' lang='grc'>’</span> 
     </span>
     <span class='ocr_line' id='line_1_36' title="bbox 372 3880 1518 3949; baseline 0.001 -14"><span class='ocrx_word' id='word_1_326' title='bbox 372 3881 504 3949; x_wconf 85' lang='lat' dir='ltr'>idemque</span> <span class='ocrx_word' id='word_1_327' title='bbox 521 3896 672 3948; x_wconf 80' lang='lat' dir='ltr'>usurpasse</span> <span class='ocrx_word' id='word_1_328' title='bbox 693 3880 807 3933; x_wconf 81' lang='lat' dir='ltr'>uidetur</span> <span class='ocrx_word' id='word_1_329' title='bbox 825 3880 854 3933; x_wconf 88' lang='lat' dir='ltr'>in</span> <span class='ocrx_word' id='word_1_330' title='bbox 874 3880 952 3935; x_wconf 88' lang='lat' dir='ltr'>libris</span> <span class='ocrx_word' id='word_1_331' title='bbox 967 3902 1006 3935; x_wconf 86' lang='lat' dir='ltr'>vn</span> <span class='ocrx_word' id='word_1_332' title='bbox 1021 3884 1051 3935; x_wconf 85' lang='lat' dir='ltr'>et</span> <span class='ocrx_word' id='word_1_333' title='bbox 1064 3902 1159 3947; x_wconf 73' lang='lat' dir='ltr'>xxxin,</span> <span class='ocrx_word' id='word_1_334' title='bbox 1184 3884 1212 3935; x_wconf 87' lang='lat' dir='ltr'>in</span> <span class='ocrx_word' id='word_1_335' title='bbox 1238 3900 1355 3949; x_wconf 88' lang='lat' dir='ltr'>quorum</span> <span class='ocrx_word' id='word_1_336' title='bbox 1377 3882 1518 3935; x_wconf 85' lang='lat' dir='ltr'>indicibus</span> 
     </span>
     <span class='ocr_line' id='line_1_37' title="bbox 374 3962 901 4031; baseline 0 -18"><span class='ocrx_word' id='word_1_337' title='bbox 374 3962 556 4031; x_wconf 78' lang='lat' dir='ltr'>‘Pomponius</span> <span class='ocrx_word' id='word_1_338' title='bbox 574 3962 697 4017; x_wconf 87' lang='lat' dir='ltr'>Atticus’</span> <span class='ocrx_word' id='word_1_339' title='bbox 716 3962 901 4015; x_wconf 70' lang='lat' dir='ltr'>enumeratur:</span> 
     </span>
    </p>

    <p class='ocr_par' dir='ltr' id='par_1_4' title="bbox 372 4040 1519 4435">
     <span class='ocr_line' id='line_1_38' title="bbox 462 4040 1519 4111; baseline 0 -16"><span class='ocrx_word' id='word_1_340' title='bbox 462 4042 490 4111; x_wconf 78' lang='lat'>2)</span> <span class='ocrx_word' id='word_1_341' title='bbox 509 4040 645 4097; x_wconf 84' lang='lat' dir='ltr'>Similiter</span> <span class='ocrx_word' id='word_1_342' title='bbox 663 4040 850 4111; x_wconf 75' lang='lat' dir='ltr'>Tyrannionis</span> <span class='ocrx_word' id='word_1_343' title='bbox 872 4040 992 4095; x_wconf 84' lang='lat' dir='ltr'>eruditio</span> <span class='ocrx_word' id='word_1_344' title='bbox 1011 4044 1047 4097; x_wconf 85' lang='lat' dir='ltr'>ab</span> <span class='ocrx_word' id='word_1_345' title='bbox 1067 4044 1162 4097; x_wconf 78' lang='lat' dir='ltr'>attico</span> <span class='ocrx_word' id='word_1_346' title='bbox 1186 4042 1273 4111; x_wconf 87' lang='lat' dir='ltr'>pluris</span> <span class='ocrx_word' id='word_1_347' title='bbox 1295 4042 1379 4097; x_wconf 82' lang='lat' dir='ltr'>fiebat</span> <span class='ocrx_word' id='word_1_348' title='bbox 1398 4060 1483 4111; x_wconf 86' lang='lat' dir='ltr'>quum</span> <span class='ocrx_word' id='word_1_349' title='bbox 1503 4060 1519 4095; x_wconf 82' lang='lat' dir='ltr'>a</span> 
     </span>
     <span class='ocr_line' id='line_1_39' title="bbox 374 4120 1519 4193; baseline 0 -18"><span class='ocrx_word' id='word_1_350' title='bbox 374 4122 505 4175; x_wconf 81' lang='lat' dir='ltr'>Cicerone</span> <span class='ocrx_word' id='word_1_351' title='bbox 518 4124 568 4193; x_wconf 70' lang='lat' dir='ltr'>&lt;ad</span> <span class='ocrx_word' id='word_1_352' title='bbox 581 4124 640 4175; x_wconf 78' lang='lat' dir='ltr'>att.</span> <span class='ocrx_word' id='word_1_353' title='bbox 650 4124 702 4177; x_wconf 88' lang='lat' dir='ltr'>XII</span> <span class='ocrx_word' id='word_1_354' title='bbox 716 4130 742 4191; x_wconf 82' lang='grc'>6,</span> <span class='ocrx_word' id='word_1_355' title='bbox 752 4125 778 4193; x_wconf 74' lang='grc'>2)</span> <span class='ocrx_word' id='word_1_356' title='bbox 793 4124 917 4191; x_wconf 86' lang='lat' dir='ltr'>itemque</span> <span class='ocrx_word' id='word_1_357' title='bbox 934 4120 1055 4177; x_wconf 84' lang='lat' dir='ltr'>Cornelii</span> <span class='ocrx_word' id='word_1_358' title='bbox 1068 4124 1186 4193; x_wconf 78' lang='lat' dir='ltr'>Nepotis</span> <span class='ocrx_word' id='word_1_359' title='bbox 1199 4124 1342 4191; x_wconf 74' lang='lat' dir='ltr'>ieiunitate,</span> <span class='ocrx_word' id='word_1_360' title='bbox 1359 4124 1405 4193; x_wconf 88' lang='lat' dir='ltr'>qui</span> <span class='ocrx_word' id='word_1_361' title='bbox 1426 4142 1519 4179; x_wconf 78' lang='lat' dir='ltr'>rursus</span> 
     </span>
     <span class='ocr_line' id='line_1_40' title="bbox 372 4202 1519 4271; baseline 0 -14"><span class='ocrx_word' id='word_1_362' title='bbox 372 4202 476 4257; x_wconf 85' lang='lat' dir='ltr'>librum</span> <span class='ocrx_word' id='word_1_363' title='bbox 497 4204 529 4257; x_wconf 88' lang='lat' dir='ltr'>de</span> <span class='ocrx_word' id='word_1_364' title='bbox 549 4202 610 4257; x_wconf 79' lang='lat' dir='ltr'>uita</span> <span class='ocrx_word' id='word_1_365' title='bbox 630 4203 826 4259; x_wconf 82' lang='lat' dir='ltr'>excellentium</span> <span class='ocrx_word' id='word_1_366' title='bbox 844 4202 1047 4271; x_wconf 82' lang='lat' dir='ltr'>imperatorum</span> <span class='ocrx_word' id='word_1_367' title='bbox 1062 4204 1231 4259; x_wconf 76' lang='lat' dir='ltr'>Graecorum</span> <span class='ocrx_word' id='word_1_368' title='bbox 1248 4204 1283 4257; x_wconf 86' lang='lat' dir='ltr'>ad</span> <span class='ocrx_word' id='word_1_369' title='bbox 1299 4206 1425 4259; x_wconf 78' lang='lat' dir='ltr'>Atticum</span> <span class='ocrx_word' id='word_1_370' title='bbox 1442 4206 1519 4259; x_wconf 85' lang='lat' dir='ltr'>misit</span> 
     </span>
     <span class='ocr_line' id='line_1_41' title="bbox 374 4284 1518 4355; baseline -0.001 -17"><span class='ocrx_word' id='word_1_371' title='bbox 374 4286 458 4349; x_wconf 82' lang='lat' dir='ltr'>atque</span> <span class='ocrx_word' id='word_1_372' title='bbox 482 4284 541 4337; x_wconf 86' lang='lat' dir='ltr'>eius</span> <span class='ocrx_word' id='word_1_373' title='bbox 569 4288 671 4355; x_wconf 83' lang='lat' dir='ltr'>rogatu</span> <span class='ocrx_word' id='word_1_374' title='bbox 698 4286 804 4339; x_wconf 80' lang='lat' dir='ltr'>librum</span> <span class='ocrx_word' id='word_1_375' title='bbox 831 4284 867 4337; x_wconf 88' lang='lat' dir='ltr'>de</span> <span class='ocrx_word' id='word_1_376' title='bbox 892 4284 952 4337; x_wconf 82' lang='lat' dir='ltr'>uita</span> <span class='ocrx_word' id='word_1_377' title='bbox 977 4284 1151 4353; x_wconf 78' lang='lat' dir='ltr'>etmeribus</span> <span class='ocrx_word' id='word_1_378' title='bbox 1182 4286 1215 4337; x_wconf 51' lang='lat' dir='ltr'>bl,</span> <span class='ocrx_word' id='word_1_379' title='bbox 1239 4284 1350 4337; x_wconf 84' lang='lat' dir='ltr'>Catonis</span> <span class='ocrx_word' id='word_1_380' title='bbox 1375 4286 1518 4355; x_wconf 80' lang='lat' dir='ltr'>(Censorii)</span> 
     </span>
     <span class='ocr_line' id='line_1_42' title="bbox 375 4364 1518 4435; baseline 0.003 -18"><span class='ocrx_word' id='word_1_381' title='bbox 375 4364 654 4435; x_wconf 75' lang='lat' dir='ltr'>seperatimtprueter</span> <span class='ocrx_word' id='word_1_382' title='bbox 664 4382 726 4419; x_wconf 80' lang='lat' dir='ltr'>eam</span> <span class='ocrx_word' id='word_1_383' title='bbox 737 4382 821 4433; x_wconf 80' lang='lat' dir='ltr'>quem</span> <span class='ocrx_word' id='word_1_384' title='bbox 830 4364 972 4419; x_wconf 82' lang='lat' dir='ltr'>historicis</span> <span class='ocrx_word' id='word_1_385' title='bbox 983 4364 1089 4419; x_wconf 81' lang='lat' dir='ltr'>Latinis</span> <span class='ocrx_word' id='word_1_386' title='bbox 1100 4366 1228 4435; x_wconf 82' lang='lat' dir='ltr'>inseruit)</span> <span class='ocrx_word' id='word_1_387' title='bbox 1239 4364 1308 4419; x_wconf 83' lang='lat' dir='ltr'>fecit</span> <span class='ocrx_word' id='word_1_388' title='bbox 1316 4364 1377 4433; x_wconf 76' lang='lat' dir='ltr'>(nit.</span> <span class='ocrx_word' id='word_1_389' title='bbox 1386 4364 1446 4421; x_wconf 74' lang='lat' dir='ltr'>eat.</span> <span class='ocrx_word' id='word_1_390' title='bbox 1453 4370 1479 4435; x_wconf 77' lang='lat'>3,</span> <span class='ocrx_word' id='word_1_391' title='bbox 1486 4368 1518 4435; x_wconf 81' lang='lat'>5).</span> 
     </span>
    </p>
   </div>
   <div class='ocr_carea' id='block_1_4' title="bbox 0 0 1642 4950">
    <p class='ocr_par' dir='ltr' id='par_1_5' title="bbox 0 0 1642 4950">
     <span class='ocr_line' id='line_1_43' title="bbox 0 0 1642 4950; baseline 0 0"><span class='ocrx_word' id='word_1_392' title='bbox 0 0 1642 4950; x_wconf 95' lang='lat' dir='ltr'> </span> 
     </span>
    </p>
   </div>
  </div>
 </body>
</html>
