3234 4950
559 341 586 394 O.
609 339 808 394 CORNELIVS
828 339 992 396 Baccara
1240 361 1351 408 cxxssl

207 521 291 582 etiam
315 511 346 568 11
370 509 458 570 rebus
484 509 697 588 geographicis,
730 507 763 570 ad
791 527 863 588 quas
885 511 984 570 omnia
1011 511 1076 569 aius
1101 511 1262 586 fragmenta
1283 529 1351 588 per-

205 615 310 686 tinent,
342 607 541 684 digressiones
572 607 682 684 largam
718 609 868 666 uariarum
897 627 997 666 rerum
1026 609 1179 667 materiam
1212 607 1350 686 suppedi-

206 701 378 792 1111111111)

531 937 760 1010 uenirem
763 939 796 1010 A
824 937 1017 1012 CLAVDH

291 1119 372 1180 Hane
391 1111 503 1200 (natam
524 1137 548 1176 a.
571 1113 685 1198 pqqssq
707 1119 755 1178 uel
778 1114 904 1199 1111768,
927 1127 1075 1179 mortuam
1095 1114 1229 1204 5911112)
1245 1117 1349 1180 ‘uitam

206 1239 285 1286 suam
316 1223 344 1278 et
375 1235 460 1278 casus
492 1235 613 1278 suorum
642 1219 769 1294 posteris
795 1215 986 1278 memorasse'
1014 1217 1134 1278 Tacitus
1165 1239 1231 1278 auu.
1250 1219 1289 1276 IV
1307 1214 1350 1278 53

205 1317 343 1404 prodidit,
377 1317 429 1394 qui
454 1317 526 1374 item
556 1315 734 1392 colloquium
762 1315 910 1394 quoddam
937 1319 1042 1376 matris
1076 1335 1142 1376 cum
1172 1318 1351 1396 imperatore

205 1419 319 1482 Tiberio
345 1413 507 1476 secundum
531 1415 584 1474 hos
610 1411 860 1474 ‘commentarios'
884 1423 998 1495 narrat3
1030 1424 1149 1494 praeter
1177 1435 1244 1476 cirnr
1271 1415 1352 1476 solus

205 1517 313 1582 Plinius
332 1515 363 1574 iu
382 1513 508 1572 naturali
529 1515 651 1572 historia
672 1515 734 1574 eius
753 1515 890 1572 meminit
909 1522 941 1574 nt
962 1515 1145 1574 certissimae
1167 1515 1201 1574 de
1222 1513 1350 1574 Neronis

206 1617 337 1698 genitura
363 1615 453 1672 testis.
501 1615 585 1672 cuius
611 1631 677 1672 cum
700 1619 806 1672 natura
835 1622 864 1674 et
890 1613 1004 1672 indoles
1035 1617 1106 1674 satis
1128 1619 1217 1674 notae
1240 1620 1350 1691 esseut,

204 1713 288 1778 multi
305 1713 396 1772 multa
416 1713 445 1770 in
467 1713 508 1770 eis
525 1713 633 1788 scripta
654 1711 745 1770 luisse
765 1713 1017 1788 excogitauerunt)
1038 1711 1091 1771 sed
1109 1731 1183 1790 qnae
1198 1711 1350 1789 attanay

207 1817 275 1890 (ure
308 1811 476 1872 Memoireu
509 1813 564 1870 der
598 1811 743 1880 Kaisareia
777 1811 960 1888 apparea,
999 1813 1085 1872 Wien
1118 1809 1234 1886 1884),
1267 1813 1348 1870 orani

206 1911 392 1974 fundamento
415 1917 522 1986 carent,
548 1915 633 1986 atque
655 1927 689 1968 ne
709 1909 842 1968 Raulrius
861 1909 989 1988 quidem,
1014 1909 1094 1990 quod
1112 1909 1254 1987 Tacitum,
1275 1929 1350 1988 quae

207 2007 729 2088 (1111111363111111111131111111,
757 2025 793 2066 er
822 2009 866 2068 eis
894 2008 1031 2068 hausisse
1058 2009 1229 2086 suspicatur
1251 2009 1349 2080 (Anu-

206 2111 301 2172 lelcteu
317 2125 352 2182 p.
369 2107 454 2184 299),
482 2109 618 2186 cuiqnam
640 2105 696 2166 hoo
721 2109 913 2186 persuaserit,
936 2115 986 2166 aut
1008 2105 1172 2166 Mommsen
1191 2109 1351 2179 (Bericite

206 2211 232 2268 ot
245 2225 296 2284 pr.
315 2205 372 2266 Alc.
391 2205 543 2266 XXXIX
556 2201 675 2286 [1904]
685 2225 720 2280 p.
737 2205 848 2279 1155),
876 2205 956 2284 quod
979 2205 1158 2284 colloquium
1181 2205 1296 2266 Tiberii
1320 2213 1351 2264 et

205 2305 378 2384 Agrippinae
408 2305 528 2364 maioris
554 2299 637 2386 (auru.
660 2307 679 2364 I
684 2307 711 2364 V
727 2305 767 2364 52
783 2323 834 2381 sq.7
863 2305 968 2382 quidni
989 2303 1066 2385 ¹halec
1096 2307 1160 2383 ipse
1186 2313 1222 2364 ut
1248 2305 1352 2364 rhetor

205 2403 337 2485 pluribus
367 2397 601 2487 exornauerit?).
647 2403 721 2462 illud
744 2409 859 2462 constat
882 2421 946 2464 eam
971 2421 1029 2463 noa
1056 2405 1178 2464 ueritati
1203 2403 1254 2464 sed
1279 2421 1350 2464 suae

207 2502 358 2583 cupiditati
376 2500 544 2581 indulsisse
563 2504 686 2581 uerique
708 2510 751 2563 est
772 2502 867 2563 simile
886 2506 967 2564 uiam
981 2502 1042 2563 tilio
1060 2522 1115 2563 suo
1134 2504 1171 2563 ad
1188 2506 1349 2582 imperium

207 2602 426 2681 adipiscendum
450 2620 513 2659 eam
538 2604 655 2663 munire
678 2602 823 2679 uoluisse,
851 2611 1006 2681 postquam
1030 2604 1204 2681 imperatori
1228 2602 1349 2661 Claudio

206 2702 314 2779 nupsit,
345 2702 362 2759 i.
382 2718 407 2759 e.
428 2706 493 2779 post
516 2720 625 2761 annum
650 2696 783 2781 49l8023
810 2719 908 2779 neque
937 2704 1017 2761 enim
1041 2702 1202 2779 quidquam
1227 2702 1349 2779 spreuit,

207 2798 282 2879 qnod
306 2800 436 2859 consiliis
461 2800 523 2859 suis
548 2800 732 2860 commodum
757 2807 846 2876 esset,
868 2800 1062 2877 habebatque,
1089 2798 1349 2859 1111131οηί111-

204 2898 331 2977 paraturi
360 2898 535 2975 obsequium
560 2900 594 2957 11
621 2906 745 2959 matrem
777 2902 896 2959 exuenti
923 2900 1089 2959 minaretur
1118 2894 1189 2957 ‘non
1219 2898 1349 2959 abnuere

206 3016 248 3075 se,
277 2998 347 3075 quin
372 3004 478 3057 cuncta
501 2998 627 3057 infelicis
654 2998 756 3059 dourus
781 2998 857 3059 mala
878 2998 1066 3077 patelierent,
1097 3016 1166 3057 suae
1188 2998 1349 3075 inprimis

205 3098 330 3175 nuptiae,
357 3116 441 3157 suum
466 3094 654 3157 ueneficium’
681 3100 766 3169 (Tac.
789 3116 859 3157 aaa.
878 3098 970 3157 XIII
987 3096 1054 3171 14).
1101 3114 1169 3155 uam
1198 3098 1224 3156 si
1246 3103 1349 3155 contra

207 3194 296 3253 lilium
318 3196 528 3273 imperatorem
552 3198 779 3255 commentarios
807 3196 1039 3275 composuisset,
1071 3196 1103 3254 id
1130 3196 1209 3273 quod
1234 3214 1290 3273 per
1316 3212 1349 3253 se

205 3310 270 3353 cum
303 3294 367 3355 cius
399 3294 586 3373 prouidentia
616 3300 645 3355 et
678 3296 813 3355 cautione
843 3302 964 3373 pugnat,
995 3294 1083 3355 facile
1107 3312 1159 3353 eos
1188 3312 1256 3355 cum
1284 3294 1349 3371 ipsa

205 3398 297 3451 matre
321 3394 498 3453 sustulisset.

655 3572 895 3581 m

494 3760 529 3835 O.
550 3760 814 3835 CORNELIVS
843 3760 1054 3833 BOCCHVS

294 3940 348 3999 Hic
384 3940 539 4003 Cornelius
576 3940 710 4001 Bocchus
746 3948 814 4019 post
851 3940 1027 4001 Mommseni
1062 3940 1224 4001 editionem
1257 3940 1349 3999 Setini

207 4028 246 4117 (p.
270 4036 308 4097 XI
324 4032 402 4123 sqq.)
435 4042 513 4099 inter
546 4042 702 4099 historicos
735 4040 881 4099 Romanos
915 4048 1098 4099 nunmratur.
1153 4040 1349 4099 inueniuntur

206 4138 284 4195 enim
307 4138 337 4195 in
358 4140 421 4197 eius
441 4138 628 4199 collectaneis
648 4146 734 4199 notae
754 4138 899 4217 quaedam
918 4138 1187 4217 cluonographicae
1206 4138 1349 4197 Plinianis

204 4238 382 4251 --...-,....---,-...
385 4246 408 4249 .,-
411 4246 421 4249 -

295 4294 318 4361 1)
339 4294 469 4345 ltlueuuer
490 4292 573 4361 Quali.
591 4296 614 4349 ci
631 4294 706 4347 Plau.
723 4312 747 4363 p.
765 4300 816 4347 390
828 4312 887 4363 sqq.
904 4292 989 4345 etiam
1005 4292 1056 4345 un
1077 4300 1110 4345 74
1120 4310 1160 4359 sq.
1179 4292 1243 4345 XIII
1264 4298 1294 4345 91
1307 4310 1348 4359 sq.

207 4366 278 4423 Via
303 4372 449 4429 Claudium
470 4374 582 4427 subesse
605 4374 770 4441 suspira-tur.
