3234 4950
588 278 777 376 armamus
798 319 916 374 curte
1235 341 1332 386 nvrrrr

187 496 341 560 storiarum
365 491 452 566 longe
470 489 555 550 abest
572 507 669 568 neque
691 489 851 568 quidquam
873 487 907 550 ad
929 507 976 548 eas
997 487 1209 566 intellegendas
1235 489 1331 568 allert;

183 591 256 658 illud
283 589 411 648 sufficiet
440 607 520 667 enm,
549 607 618 648 eum
640 607 664 646 a.
685 583 811 666 tostii
835 589 1020 664 proscriptus
1052 587 1086 646 ad
1112 587 1138 646 S.
1158 585 1331 666 Pompeium

185 692 321 768 fugisset,
346 695 410 746 tum
438 695 507 766 post
531 705 636 764 pacem
662 685 863 744 Misenensem
891 685 927 744 ad
954 685 1148 744 Octauianum
1178 687 1332 744 transisset

184 799 270 866 atque
298 787 329 844 in
356 803 455 862 pugna
481 785 600 844 Actiaca
629 785 751 844 sinistro
778 787 843 844 eius
875 801 965 844 cornu
996 783 1123 842 feliciter
1144 785 1330 860 praefuisset,

184 894 249 970 post
271 881 456 943 consulatum
479 903 505 942 a.
521 879 645 962 ttlt3t
673 885 761 944 etiam
779 881 1052 960 quindecimuirum
1072 883 1164 940 sacris
1185 881 1329 940 faciundis
1408 907 1409 910 ¹

184 987 280 1059 luisse,
300 980 332 1039 id
349 979 429 1058 quod
448 983 479 1039 in
500 983 573 1042 actis
591 979 729 1041 ludorum
754 979 949 1040 saecularium
975 983 1114 1054 (Prosop.
1134 983 1150 1038 l.
1172 983 1209 1054 o.)
1238 987 1330 1038 exstat

184 1082 348 1162 optimeque
379 1097 447 1138 cum
473 1081 657 1156 antiquitatis
688 1081 753 1138 eius
778 1077 877 1138 studio
901 1081 1059 1158 conspirat.
1096 1085 1164 1156 post
1188 1077 1330 1138 Senecam

182 1181 293 1240 Plinius
313 1179 343 1234 in
362 1177 465 1236 histor.
481 1185 540 1236 nat.
556 1177 705 1236 indicibus
724 1183 879 1236 auctorum
897 1175 964 1234 libr.
980 1177 1025 1234 lll.
1043 1177 1073 1234 V.
1087 1175 1124 1234 Vl
1143 1177 1232 1234 etiam
1252 1177 1330 1234 lrune

181 1278 370 1338 coniunctum
390 1293 457 1335 cum
477 1273 597 1352 [Statio]
620 1273 739 1352 Seboso,
759 1277 902 1352 scriptore
928 1273 1131 1354 geographico,
1155 1277 1329 1352 nominauit,

182 1387 243 1438 tum
267 1375 331 1432 eius
354 1375 499 1432 memoria
525 1375 753 1450 ingrauescente
781 1372 860 1432 Liuii
889 1375 1064 1432 auctoritate
1091 1373 1211 1432 omnino
1244 1371 1328 1432 oblit-

181 1480 273 1536 terata
296 1480 348 1530 est.

475 1863 770 1937 ADVERSARH
799 1863 1026 1936 CAESARIS

569 2027 777 2086 MthArlvs
802 2027 933 2084 nurus

264 2179 302 2238 Hi
326 2179 473 2254 Catonini,
502 2188 534 2238 ut
564 2181 603 2238 ait
631 2177 734 2238 Cicero
763 2181 822 2250 (ed
839 2179 913 2254 forn.
938 2177 1236 2254 irradiatione
1264 2183 1326 2240 suis

177 2277 312 2338 omnibus
334 2275 372 2336 ll.
392 2275 511 2338 Catonis
529 2277 676 2338 Vticensis
699 2275 811 2354 gloriae
833 2277 875 2334 ita
898 2279 1077 2356 seruierunt,
1105 2285 1137 2336 nt
1162 2281 1270 2356 partim
1295 2281 1326 2338 in

178 2394 240 2436 earn
261 2377 438 2434 sententiam
457 2377 521 2434 eius
539 2377 632 2434 uitam
651 2383 834 2452 enarrarent,
855 2377 971 2452 partim,
993 2377 1119 2434 maxime
1139 2377 1170 2434 in
1190 2377 1324 2436 Caesaris

176 2474 436 2553 obtrectationem,
467 2476 611 2535 orationis
642 2474 692 2533 uel
724 2474 833 2551 dialogi
868 2474 959 2535 lorma
993 2482 1164 2551 uterentur,
1197 2494 1324 2553 quorum

172 2591 281 2651 operae
301 2572 460 2633 historicae
479 2573 560 2651 quod
578 2583 630 2633 aut
649 2590 746 2651 pauca
768 2582 819 2633 aut
841 2574 954 2633 ineerta
980 2574 1143 2651 fragmenta
1169 2574 1216 2633 uel
1242 2576 1323 2633 testi·

175 2673 272 2731 monia
306 2681 478 2751 supersunt,
511 2690 572 2731 non
603 2672 786 2731 mirabimur.
828 2672 940 2749 prioris
973 2674 1091 2749 generis
1126 2668 1324 2753 σύγγραμμα

173 2764 248 2849 περὶ
271 2776 330 2831 τοῦ
352 2768 512 2843 Κάτωνος
533 2770 589 2831 fuit
614 2770 738 2831 Munatii
760 2768 835 2849 Rufi,
859 2766 1027 2849 ‘Cypriacae
1054 2768 1250 2849 expeditionis
1270 2770 1323 2831 Ca·

173 2870 251 2927 tonis
269 2868 322 2927 lidi
345 2866 472 2929 comitis’
495 2870 553 2945 (fr.
573 2870 618 2945 1),
637 2868 674 2927 de
697 2888 756 2947 quo
779 2886 855 2946 quae
881 2870 1058 2947 accepimus
1082 2870 1113 2927 in
1137 2870 1200 2927 eius
1226 2868 1321 2929 tribus

175 2966 344 3044 fragmentis
373 2966 421 3027 uel
448 2968 588 3046 leguntur
616 2966 664 3027 uel
693 2986 728 3027 ex
761 2968 806 3027 eis
834 2966 1020 3043 colliguntur.
1068 2968 1209 3027 nimirum
1245 2968 1322 3045 quod

174 3062 287 3125 Canidii
307 3060 560 3149 (proquaestoris)
575 3068 735 3125 intentiore
754 3064 874 3125 Catonis
893 3084 993 3125 amore
1013 3084 1045 3125 se
1065 3066 1209 3125 offensum
1232 3066 1265 3125 ab
1287 3084 1320 3125 eo

174 3160 354 3243 discessisse,
380 3164 450 3223 dum
472 3164 617 3223 allarcia
636 3164 756 3225 Catonis
772 3182 867 3221 uxore
891 3164 1049 3223 concordia
1073 3164 1208 3225 restituta
1234 3173 1313 3225 esset

172 3262 275 3323 scribit
290 3266 343 3341 (sc.
360 3265 403 3341 2),
420 3282 453 3323 re
471 3283 543 3323 uera
563 3264 651 3323 liuius
671 3264 815 3341 religione
838 3270 869 3323 et
893 3260 1044 3341 diligentia
1069 3282 1135 3323 eum
1160 3264 1190 3323 in
1215 3262 1320 3341 opibus

172 3362 233 3419 suis
257 3361 400 3439 augendis
424 3362 599 3441 impeditum
625 3380 690 3423 esse
713 3380 730 3419 a
753 3362 924 3421 lirumanno
949 3364 996 3435 (b.
1011 3362 1049 3423 R.
1064 3362 1116 3421 IV
1130 3362 1208 3435 217)
1235 3362 1320 3421 intel·

171 3454 279 3519 lectum
300 3468 353 3519 est.
384 3458 495 3520 librum
513 3462 576 3521 eius
595 3458 668 3537 legit
682 3460 816 3521 Valerius
834 3458 985 3539 Maximus}
1000 3458 1053 3535 (fr.
1069 3458 1096 3517 l.
1117 3458 1177 3517 uid.
1196 3460 1319 3529 Onelleo

172 3559 200 3615 (l.
218 3560 296 3617 Plet.
316 3578 348 3635 p.
370 3560 411 3617 67
425 3562 492 3637 sq),
520 3578 576 3637 per
601 3558 762 3619 Thraseam
796 3558 918 3617 Paetum
943 3560 986 3629 (tt.
1010 3558 1110 3635 lnsrct)
1142 3554 1319 3617 Plutarchus

172 3658 318 3733 cognouit,
339 3656 372 3715 id
394 3656 473 3735 quod
499 3658 639 3735 apertius,
658 3676 747 3733 quarn
770 3656 854 3733 solet,
879 3656 1029 3733 protessus
1056 3662 1101 3715 est
1125 3656 1178 3731 (fr.
1189 3656 1217 3715 2.
1229 3658 1272 3731 3).

549 3892 581 3947 Τ.
605 3890 755 3949 AMPIVS
778 3890 936 3947 BALBVS

257 4032 318 4091 lam
350 4050 418 4091 cum
450 4034 602 4091 tribunatu
634 4032 730 4111 plebis
761 4052 785 4091 a.
815 4028 942 4111 63l691
976 4034 1162 4109 fungeretur,
1195 4030 1317 4109 Pompei

170 4132 336 4190 alletoritati
370 4136 399 4189 et
431 4130 540 4209 gloriae
574 4148 696 4209 operam
729 4150 813 4191 suam
845 4132 967 4191 nauauit
992 4132 1080 4205 (Vere
1102 4130 1206 4205 1140,
1223 4132 1257 4205 4)
1287 4138 1317 4189 et

169 4234 324 4307 postquam
356 4236 496 4307 praetura
528 4220 568 4311 (a.
591 4224 720 4309 58l696
751 4237 782 4289 ut
816 4224 890 4311 uid.)
925 4230 1044 4289 iunctus
1074 4228 1315 4307 proconsulatum

168 4321 253 4385 Asiae
283 4327 501 4386 administrauit
524 4328 690 4402 (Borptese
715 4328 823 4389 (letter.
845 4330 867 4385 I
879 4346 910 4403 p.
932 4328 994 4387 271
1010 4328 1095 4405 sqq),
1126 4326 1161 4385 de
1190 4328 1315 4385 crimine
