<?xml version="1.0" encoding="UTF-8"?>
<!DOCTYPE html PUBLIC "-//W3C//DTD XHTML 1.0 Transitional//EN"
    "http://www.w3.org/TR/xhtml1/DTD/xhtml1-transitional.dtd">
<html xmlns="http://www.w3.org/1999/xhtml" xml:lang="en" lang="en">
 <head>
  <title>
</title>
<meta http-equiv="Content-Type" content="text/html;charset=utf-8" />
  <meta name='ocr-system' content='tesseract 3.04.00' />
  <meta name='ocr-capabilities' content='ocr_page ocr_carea ocr_par ocr_line ocrx_word'/>
</head>
<body>
  <div class='ocr_page' id='page_1' title='image "./historicorumrom03petegoog_0186.png"; bbox 0 0 3234 4950; ppageno 0'>
   <div class='ocr_carea' id='block_1_1' title="bbox 203 369 1107 438">
    <p class='ocr_par' dir='ltr' id='par_1_1' title="bbox 203 369 1107 438">
     <span class='ocr_line' id='line_1_1' title="bbox 203 369 1107 438; baseline 0.002 -18"><span class='ocrx_word' id='word_1_1' title='bbox 203 375 360 420; x_wconf 79' lang='lat' dir='ltr'>CLXXVIII</span> <span class='ocrx_word' id='word_1_2' title='bbox 451 371 499 424; x_wconf 85' lang='lat' dir='ltr'>DE</span> <span class='ocrx_word' id='word_1_3' title='bbox 521 369 750 438; x_wconf 76' lang='lat' dir='ltr'>SCRIPTORVM</span> <span class='ocrx_word' id='word_1_4' title='bbox 770 371 864 426; x_wconf 78' lang='lat' dir='ltr'>Viris</span> <span class='ocrx_word' id='word_1_5' title='bbox 881 369 929 422; x_wconf 87' lang='grc' dir='ltr'>ΕΤ</span> <span class='ocrx_word' id='word_1_6' title='bbox 949 369 1107 426; x_wconf 69' lang='lat' dir='ltr'>solemius</span> 
     </span>
    </p>
   </div>
   <div class='ocr_carea' id='block_1_2' title="bbox 199 533 1357 914">
    <p class='ocr_par' dir='ltr' id='par_1_2' title="bbox 199 533 1357 914">
     <span class='ocr_line' id='line_1_2' title="bbox 200 533 1354 618; baseline -0.003 -18"><span class='ocrx_word' id='word_1_7' title='bbox 200 543 302 618; x_wconf 89' lang='lat' dir='ltr'>priore</span> <span class='ocrx_word' id='word_1_8' title='bbox 330 555 400 596; x_wconf 87' lang='lat' dir='ltr'>suae</span> <span class='ocrx_word' id='word_1_9' title='bbox 430 539 507 598; x_wconf 89' lang='lat' dir='ltr'>uitae</span> <span class='ocrx_word' id='word_1_10' title='bbox 539 547 621 616; x_wconf 86' lang='lat' dir='ltr'>parte</span> <span class='ocrx_word' id='word_1_11' title='bbox 651 557 675 596; x_wconf 89' lang='grc'>6.</span> <span class='ocrx_word' id='word_1_12' title='bbox 696 533 853 616; x_wconf 48' lang='lat' dir='ltr'>1414st</span> <span class='ocrx_word' id='word_1_13' title='bbox 881 541 985 596; x_wconf 89' lang='lat' dir='ltr'>neseio</span> <span class='ocrx_word' id='word_1_14' title='bbox 1017 555 1106 616; x_wconf 83' lang='lat' dir='ltr'>qoem</span> <span class='ocrx_word' id='word_1_15' title='bbox 1139 545 1290 598; x_wconf 86' lang='lat' dir='ltr'>auctorem</span> <span class='ocrx_word' id='word_1_16' title='bbox 1322 537 1354 596; x_wconf 90' lang='lat' dir='ltr'>in</span> 
     </span>
     <span class='ocr_line' id='line_1_3' title="bbox 200 633 1357 714; baseline 0 -18"><span class='ocrx_word' id='word_1_17' title='bbox 200 639 337 696; x_wconf 88' lang='lat' dir='ltr'>manibus</span> <span class='ocrx_word' id='word_1_18' title='bbox 379 635 531 714; x_wconf 88' lang='lat' dir='ltr'>hahuisse,</span> <span class='ocrx_word' id='word_1_19' title='bbox 569 639 621 714; x_wconf 89' lang='lat' dir='ltr'>qui</span> <span class='ocrx_word' id='word_1_20' title='bbox 659 633 799 696; x_wconf 88' lang='lat' dir='ltr'>Hadriani</span> <span class='ocrx_word' id='word_1_21' title='bbox 837 639 929 696; x_wconf 87' lang='lat' dir='ltr'>uitam</span> <span class='ocrx_word' id='word_1_22' title='bbox 966 639 1074 714; x_wconf 86' lang='lat' dir='ltr'>partim</span> <span class='ocrx_word' id='word_1_23' title='bbox 1116 637 1357 712; x_wconf 85' lang='lat' dir='ltr'>transcripsisset</span> 
     </span>
     <span class='ocr_line' id='line_1_4' title="bbox 199 729 1355 814; baseline -0.002 -20"><span class='ocrx_word' id='word_1_24' title='bbox 199 737 309 814; x_wconf 89' lang='lat' dir='ltr'>partim</span> <span class='ocrx_word' id='word_1_25' title='bbox 329 735 516 810; x_wconf 71' lang='lat' dir='ltr'>correxisset,</span> <span class='ocrx_word' id='word_1_26' title='bbox 536 731 606 794; x_wconf 71' lang='lat' dir='ltr'>‘nie</span> <span class='ocrx_word' id='word_1_27' title='bbox 625 735 781 808; x_wconf 69' lang='lat' dir='ltr'>Seruitia.</span> <span class='ocrx_word' id='word_1_28' title='bbox 797 729 850 794; x_wconf 55' lang='lat' dir='ltr'>A?</span> <span class='ocrx_word' id='word_1_29' title='bbox 866 753 895 813; x_wconf 89' lang='lat' dir='ltr'>p.</span> <span class='ocrx_word' id='word_1_30' title='bbox 914 729 975 793; x_wconf 74' lang='lat'>121</span> <span class='ocrx_word' id='word_1_31' title='bbox 992 753 1054 812; x_wconf 85' lang='lat' dir='ltr'>sqq.</span> <span class='ocrx_word' id='word_1_32' title='bbox 1074 733 1212 810; x_wconf 89' lang='lat' dir='ltr'>pluribus</span> <span class='ocrx_word' id='word_1_33' title='bbox 1231 737 1355 812; x_wconf 80' lang='lat' dir='ltr'>exposui</span> 
     </span>
     <span class='ocr_line' id='line_1_5' title="bbox 201 827 1007 914; baseline -0.005 -20"><span class='ocrx_word' id='word_1_34' title='bbox 201 835 255 910; x_wconf 83' lang='lat' dir='ltr'>(cf.</span> <span class='ocrx_word' id='word_1_35' title='bbox 272 835 393 906; x_wconf 77' lang='lat' dir='ltr'>Scituiz,</span> <span class='ocrx_word' id='word_1_36' title='bbox 420 835 485 892; x_wconf 82' lang='lat' dir='ltr'>nas</span> <span class='ocrx_word' id='word_1_37' title='bbox 506 831 609 892; x_wconf 87' lang='lat' dir='ltr'>Ledeu</span> <span class='ocrx_word' id='word_1_38' title='bbox 632 833 794 892; x_wconf 75' lang='lat' dir='ltr'>Hadriano</span> <span class='ocrx_word' id='word_1_39' title='bbox 809 827 1007 914; x_wconf 63' lang='grc'><strong>6166611)</strong></span> 
     </span>
    </p>
   </div>
   <div class='ocr_carea' id='block_1_3' title="bbox 342 1125 1213 1198">
    <p class='ocr_par' dir='ltr' id='par_1_3' title="bbox 342 1125 1213 1198">
     <span class='ocr_line' id='line_1_6' title="bbox 342 1125 1213 1198; baseline 0 -2"><span class='ocrx_word' id='word_1_40' title='bbox 342 1125 622 1198; x_wconf 75' lang='lat' dir='ltr'>Inrnnnnon</span> <span class='ocrx_word' id='word_1_41' title='bbox 650 1127 687 1196; x_wconf 85' lang='lat' dir='ltr'>L.</span> <span class='ocrx_word' id='word_1_42' title='bbox 717 1125 1213 1198; x_wconf 76' lang='grc'><strong>6666161166616616</strong></span> 
     </span>
    </p>
   </div>
   <div class='ocr_carea' id='block_1_4' title="bbox 495 1263 1061 1332">
    <p class='ocr_par' dir='ltr' id='par_1_4' title="bbox 495 1263 1061 1332">
     <span class='ocr_line' id='line_1_7' title="bbox 495 1263 1061 1332; baseline 0 -18"><span class='ocrx_word' id='word_1_43' title='bbox 495 1263 588 1332; x_wconf 80' lang='lat' dir='ltr'>(uatus</span> <span class='ocrx_word' id='word_1_44' title='bbox 610 1279 631 1314; x_wconf 49' lang='lat' dir='ltr'>a,</span> <span class='ocrx_word' id='word_1_45' title='bbox 651 1267 709 1326; x_wconf 75' lang='lat'>146,</span> <span class='ocrx_word' id='word_1_46' title='bbox 731 1263 883 1330; x_wconf 83' lang='lat' dir='ltr'>imperator</span> <span class='ocrx_word' id='word_1_47' title='bbox 903 1265 1061 1328; x_wconf 74' lang='lat'>193-211.)</span> 
     </span>
    </p>
   </div>
   <div class='ocr_carea' id='block_1_5' title="bbox 163 1409 1354 3752">
    <p class='ocr_par' dir='ltr' id='par_1_5' title="bbox 163 1409 1354 3453">
     <span class='ocr_line' id='line_1_8' title="bbox 289 1409 1353 1490; baseline 0 -20"><span class='ocrx_word' id='word_1_48' title='bbox 289 1413 343 1470; x_wconf 88' lang='lat' dir='ltr'>llio</span> <span class='ocrx_word' id='word_1_49' title='bbox 368 1411 541 1490; x_wconf 75' lang='lat' dir='ltr'>Leptitanus</span> <span class='ocrx_word' id='word_1_50' title='bbox 565 1411 732 1470; x_wconf 89' lang='lat' dir='ltr'>studiorum</span> <span class='ocrx_word' id='word_1_51' title='bbox 754 1411 959 1488; x_wconf 90' lang='lat' dir='ltr'>philosophiae</span> <span class='ocrx_word' id='word_1_52' title='bbox 983 1431 1016 1472; x_wconf 87' lang='lat' dir='ltr'>ae</span> <span class='ocrx_word' id='word_1_53' title='bbox 1042 1411 1162 1471; x_wconf 89' lang='lat' dir='ltr'>dicendi</span> <span class='ocrx_word' id='word_1_54' title='bbox 1183 1431 1274 1470; x_wconf 91' lang='grc'><strong>63663</strong></span> <span class='ocrx_word' id='word_1_55' title='bbox 1295 1409 1353 1470; x_wconf 80' lang='lat' dir='ltr'>llo·</span> 
     </span>
     <span class='ocr_line' id='line_1_9' title="bbox 198 1509 1353 1590; baseline 0 -20"><span class='ocrx_word' id='word_1_56' title='bbox 198 1529 291 1590; x_wconf 86' lang='lat' dir='ltr'>mam,</span> <span class='ocrx_word' id='word_1_57' title='bbox 320 1509 428 1570; x_wconf 91' lang='lat' dir='ltr'>deinde</span> <span class='ocrx_word' id='word_1_58' title='bbox 455 1509 585 1568; x_wconf 75' lang='lat' dir='ltr'>Athenas</span> <span class='ocrx_word' id='word_1_59' title='bbox 614 1513 741 1588; x_wconf 84' lang='lat' dir='ltr'>petierat</span> <span class='ocrx_word' id='word_1_60' title='bbox 770 1519 858 1588; x_wconf 86' lang='lat' dir='ltr'>atque</span> <span class='ocrx_word' id='word_1_61' title='bbox 886 1511 977 1570; x_wconf 87' lang='lat' dir='ltr'>etiam</span> <span class='ocrx_word' id='word_1_62' title='bbox 1004 1509 1157 1570; x_wconf 86' lang='lat' dir='ltr'>doctrinae</span> <span class='ocrx_word' id='word_1_63' title='bbox 1183 1519 1353 1590; x_wconf 82' lang='lat' dir='ltr'>uocauerat,</span> 
     </span>
     <span class='ocr_line' id='line_1_10' title="bbox 198 1607 1354 1688; baseline 0 -20"><span class='ocrx_word' id='word_1_64' title='bbox 198 1611 373 1688; x_wconf 81' lang='lat' dir='ltr'>priusquam</span> <span class='ocrx_word' id='word_1_65' title='bbox 401 1625 455 1686; x_wconf 91' lang='lat' dir='ltr'>per</span> <span class='ocrx_word' id='word_1_66' title='bbox 484 1607 607 1668; x_wconf 89' lang='lat' dir='ltr'>militiae</span> <span class='ocrx_word' id='word_1_67' title='bbox 638 1609 735 1668; x_wconf 86' lang='lat' dir='ltr'>olbcia</span> <span class='ocrx_word' id='word_1_68' title='bbox 768 1611 927 1686; x_wconf 89' lang='lat' dir='ltr'>imperium</span> <span class='ocrx_word' id='word_1_69' title='bbox 961 1611 1117 1686; x_wconf 79' lang='lat' dir='ltr'>arriperet,</span> <span class='ocrx_word' id='word_1_70' title='bbox 1152 1609 1230 1686; x_wconf 83' lang='lat' dir='ltr'>quod</span> <span class='ocrx_word' id='word_1_71' title='bbox 1263 1611 1354 1668; x_wconf 87' lang='lat' dir='ltr'>armis</span> 
     </span>
     <span class='ocr_line' id='line_1_11' title="bbox 199 1701 1354 1786; baseline 0 -20"><span class='ocrx_word' id='word_1_72' title='bbox 199 1715 375 1786; x_wconf 88' lang='lat' dir='ltr'>occupatum</span> <span class='ocrx_word' id='word_1_73' title='bbox 404 1715 438 1768; x_wconf 90' lang='lat' dir='ltr'>ut</span> <span class='ocrx_word' id='word_1_74' title='bbox 467 1709 554 1766; x_wconf 88' lang='lat' dir='ltr'>etiam</span> <span class='ocrx_word' id='word_1_75' title='bbox 584 1707 690 1766; x_wconf 89' lang='lat' dir='ltr'>litteris</span> <span class='ocrx_word' id='word_1_76' title='bbox 722 1707 923 1784; x_wconf 86' lang='lat' dir='ltr'>confirmaret,</span> <span class='ocrx_word' id='word_1_77' title='bbox 947 1701 1000 1766; x_wconf 71' lang='lat' dir='ltr'>‘lie</span> <span class='ocrx_word' id='word_1_78' title='bbox 1034 1709 1096 1766; x_wconf 90' lang='lat' dir='ltr'>uita</span> <span class='ocrx_word' id='word_1_79' title='bbox 1128 1703 1193 1766; x_wconf 82' lang='lat' dir='ltr'>sua&#39;</span> <span class='ocrx_word' id='word_1_80' title='bbox 1223 1707 1354 1786; x_wconf 87' lang='lat' dir='ltr'>scripsit,</span> 
     </span>
     <span class='ocr_line' id='line_1_12' title="bbox 198 1803 1353 1884; baseline -0.002 -18"><span class='ocrx_word' id='word_1_81' title='bbox 198 1825 272 1884; x_wconf 85' lang='lat' dir='ltr'>quos</span> <span class='ocrx_word' id='word_1_82' title='bbox 307 1803 398 1864; x_wconf 91' lang='lat' dir='ltr'>libros</span> <span class='ocrx_word' id='word_1_83' title='bbox 436 1811 558 1884; x_wconf 89' lang='lat' dir='ltr'>propter</span> <span class='ocrx_word' id='word_1_84' title='bbox 596 1805 684 1866; x_wconf 87' lang='lat' dir='ltr'>fidem</span> <span class='ocrx_word' id='word_1_85' title='bbox 722 1805 845 1864; x_wconf 86' lang='lat' dir='ltr'>laudant</span> <span class='ocrx_word' id='word_1_86' title='bbox 875 1803 1050 1884; x_wconf 80' lang='lat' dir='ltr'>Spartianus</span> <span class='ocrx_word' id='word_1_87' title='bbox 1079 1809 1148 1878; x_wconf 83' lang='lat' dir='ltr'>(uit.</span> <span class='ocrx_word' id='word_1_88' title='bbox 1172 1805 1228 1881; x_wconf 83' lang='grc'>18,</span> <span class='ocrx_word' id='word_1_89' title='bbox 1253 1807 1288 1878; x_wconf 79' lang='grc'>6)</span> <span class='ocrx_word' id='word_1_90' title='bbox 1322 1813 1353 1866; x_wconf 87' lang='grc'>61</span> 
     </span>
     <span class='ocr_line' id='line_1_13' title="bbox 198 1903 1351 1982; baseline 0 -20"><span class='ocrx_word' id='word_1_91' title='bbox 198 1905 336 1964; x_wconf 76' lang='lat' dir='ltr'>Aurelius</span> <span class='ocrx_word' id='word_1_92' title='bbox 357 1903 455 1962; x_wconf 84' lang='lat' dir='ltr'>Victor</span> <span class='ocrx_word' id='word_1_93' title='bbox 477 1905 576 1976; x_wconf 75' lang='lat' dir='ltr'>(Ouia.</span> <span class='ocrx_word' id='word_1_94' title='bbox 594 1905 645 1980; x_wconf 79' lang='lat'>20,</span> <span class='ocrx_word' id='word_1_95' title='bbox 662 1905 729 1980; x_wconf 82' lang='lat'>22),</span> <span class='ocrx_word' id='word_1_96' title='bbox 751 1903 800 1962; x_wconf 92' lang='lat' dir='ltr'>hic</span> <span class='ocrx_word' id='word_1_97' title='bbox 825 1905 915 1962; x_wconf 87' lang='lat' dir='ltr'>etiarn</span> <span class='ocrx_word' id='word_1_98' title='bbox 936 1911 1060 1982; x_wconf 89' lang='lat' dir='ltr'>propter</span> <span class='ocrx_word' id='word_1_99' title='bbox 1084 1912 1229 1962; x_wconf 88' lang='lat' dir='ltr'>ornatum.</span> <span class='ocrx_word' id='word_1_100' title='bbox 1262 1911 1351 1980; x_wconf 88' lang='lat' dir='ltr'>atque</span> 
     </span>
     <span class='ocr_line' id='line_1_14' title="bbox 197 1999 1353 2080; baseline 0.002 -20"><span class='ocrx_word' id='word_1_101' title='bbox 197 2001 267 2062; x_wconf 93' lang='lat' dir='ltr'>huic</span> <span class='ocrx_word' id='word_1_102' title='bbox 294 2001 414 2080; x_wconf 89' lang='lat' dir='ltr'>quidem</span> <span class='ocrx_word' id='word_1_103' title='bbox 438 2003 494 2060; x_wconf 86' lang='lat' dir='ltr'>arti</span> <span class='ocrx_word' id='word_1_104' title='bbox 518 2001 655 2060; x_wconf 89' lang='lat' dir='ltr'>nolumus</span> <span class='ocrx_word' id='word_1_105' title='bbox 680 1999 861 2079; x_wconf 69' lang='lat' dir='ltr'>obtrectare,</span> <span class='ocrx_word' id='word_1_106' title='bbox 884 2019 982 2078; x_wconf 88' lang='lat' dir='ltr'>neque</span> <span class='ocrx_word' id='word_1_107' title='bbox 1005 2003 1088 2062; x_wconf 90' lang='lat' dir='ltr'>enim</span> <span class='ocrx_word' id='word_1_108' title='bbox 1109 2001 1203 2062; x_wconf 85' lang='lat' dir='ltr'>uerba</span> <span class='ocrx_word' id='word_1_109' title='bbox 1226 2005 1292 2080; x_wconf 89' lang='lat' dir='ltr'>ipsa</span> <span class='ocrx_word' id='word_1_110' title='bbox 1315 2002 1353 2062; x_wconf 85' lang='lat' dir='ltr'>ad</span> 
     </span>
     <span class='ocr_line' id='line_1_15' title="bbox 197 2099 1352 2178; baseline 0 -18"><span class='ocrx_word' id='word_1_111' title='bbox 197 2119 252 2160; x_wconf 89' lang='lat' dir='ltr'>uos</span> <span class='ocrx_word' id='word_1_112' title='bbox 280 2107 492 2178; x_wconf 88' lang='lat' dir='ltr'>peruenerunt,</span> <span class='ocrx_word' id='word_1_113' title='bbox 521 2107 554 2158; x_wconf 92' lang='lat' dir='ltr'>ut</span> <span class='ocrx_word' id='word_1_114' title='bbox 581 2119 619 2160; x_wconf 90' lang='lat' dir='ltr'>ne</span> <span class='ocrx_word' id='word_1_115' title='bbox 645 2099 805 2160; x_wconf 77' lang='lat' dir='ltr'>decernere</span> <span class='ocrx_word' id='word_1_116' title='bbox 830 2099 952 2178; x_wconf 88' lang='lat' dir='ltr'>quidem</span> <span class='ocrx_word' id='word_1_117' title='bbox 974 2103 1137 2178; x_wconf 76' lang='lat' dir='ltr'>possimne,</span> <span class='ocrx_word' id='word_1_118' title='bbox 1161 2108 1229 2160; x_wconf 90' lang='lat' dir='ltr'>utra</span> <span class='ocrx_word' id='word_1_119' title='bbox 1250 2099 1352 2176; x_wconf 83' lang='lat' dir='ltr'>lingua</span> 
     </span>
     <span class='ocr_line' id='line_1_16' title="bbox 196 2185 1352 2278; baseline 0 -20"><span class='ocrx_word' id='word_1_120' title='bbox 196 2217 267 2260; x_wconf 93' lang='lat' dir='ltr'>usus</span> <span class='ocrx_word' id='word_1_121' title='bbox 295 2199 346 2278; x_wconf 76' lang='lat' dir='ltr'>sit5</span> <span class='ocrx_word' id='word_1_122' title='bbox 370 2197 443 2256; x_wconf 83' lang='lat' dir='ltr'>fides</span> <span class='ocrx_word' id='word_1_123' title='bbox 466 2185 565 2256; x_wconf 49' lang='lat' dir='ltr'>¹tamen</span> <span class='ocrx_word' id='word_1_124' title='bbox 591 2197 747 2258; x_wconf 82' lang='lat' dir='ltr'>admodum</span> <span class='ocrx_word' id='word_1_125' title='bbox 775 2199 862 2258; x_wconf 91' lang='lat' dir='ltr'>dubia</span> <span class='ocrx_word' id='word_1_126' title='bbox 886 2209 931 2258; x_wconf 88' lang='lat' dir='ltr'>est</span> <span class='ocrx_word' id='word_1_127' title='bbox 956 2201 1104 2274; x_wconf 86' lang='lat' dir='ltr'>etiamque</span> <span class='ocrx_word' id='word_1_128' title='bbox 1122 2199 1242 2276; x_wconf 90' lang='lat' dir='ltr'>abipso</span> <span class='ocrx_word' id='word_1_129' title='bbox 1264 2199 1352 2276; x_wconf 86' lang='lat' dir='ltr'>Spar-</span> 
     </span>
     <span class='ocr_line' id='line_1_17' title="bbox 197 2293 1352 2372; baseline -0.003 -14"><span class='ocrx_word' id='word_1_130' title='bbox 197 2301 276 2358; x_wconf 90' lang='lat' dir='ltr'>tiano</span> <span class='ocrx_word' id='word_1_131' title='bbox 302 2297 498 2372; x_wconf 82' lang='lat' dir='ltr'>imminuitur,</span> <span class='ocrx_word' id='word_1_132' title='bbox 524 2313 591 2356; x_wconf 90' lang='lat' dir='ltr'>cum</span> <span class='ocrx_word' id='word_1_133' title='bbox 615 2295 695 2356; x_wconf 86' lang='lat' dir='ltr'>addit</span> <span class='ocrx_word' id='word_1_134' title='bbox 722 2293 827 2356; x_wconf 73' lang='lat' dir='ltr'>‘solum</span> <span class='ocrx_word' id='word_1_135' title='bbox 852 2306 950 2356; x_wconf 84' lang='lat' dir='ltr'>umen</span> <span class='ocrx_word' id='word_1_136' title='bbox 970 2299 1078 2358; x_wconf 86' lang='lat' dir='ltr'>uitium</span> <span class='ocrx_word' id='word_1_137' title='bbox 1097 2297 1282 2358; x_wconf 76' lang='lat' dir='ltr'>crudelitatis</span> <span class='ocrx_word' id='word_1_138' title='bbox 1301 2315 1352 2356; x_wconf 81' lang='lat' dir='ltr'>ex-</span> 
     </span>
     <span class='ocr_line' id='line_1_18' title="bbox 198 2391 1351 2476; baseline 0 -22"><span class='ocrx_word' id='word_1_139' title='bbox 198 2391 326 2473; x_wconf 52' lang='grc'><strong>66631161,</strong></span> <span class='ocrx_word' id='word_1_140' title='bbox 354 2397 369 2452; x_wconf 92' lang='grc'>1.</span> <span class='ocrx_word' id='word_1_141' title='bbox 391 2415 416 2454; x_wconf 90' lang='lat' dir='ltr'>e.</span> <span class='ocrx_word' id='word_1_142' title='bbox 436 2393 573 2454; x_wconf 80' lang='lat' dir='ltr'>refellens</span> <span class='ocrx_word' id='word_1_143' title='bbox 602 2397 696 2468; x_wconf 80' lang='lat' dir='ltr'>(Piero</span> <span class='ocrx_word' id='word_1_144' title='bbox 726 2395 967 2466; x_wconf 78' lang='lat' dir='ltr'>Ouelieuuuters</span> <span class='ocrx_word' id='word_1_145' title='bbox 979 2415 1013 2473; x_wconf 84' lang='lat' dir='ltr'>p.</span> <span class='ocrx_word' id='word_1_146' title='bbox 1034 2394 1076 2454; x_wconf 76' lang='lat'>28</span> <span class='ocrx_word' id='word_1_147' title='bbox 1091 2399 1158 2476; x_wconf 71' lang='lat' dir='ltr'>sp),</span> <span class='ocrx_word' id='word_1_148' title='bbox 1181 2415 1238 2474; x_wconf 89' lang='lat' dir='ltr'>qua</span> <span class='ocrx_word' id='word_1_149' title='bbox 1263 2415 1351 2455; x_wconf 84' lang='lat' dir='ltr'>excu-</span> 
     </span>
     <span class='ocr_line' id='line_1_19' title="bbox 197 2494 1352 2571; baseline 0.002 -18"><span class='ocrx_word' id='word_1_150' title='bbox 197 2498 311 2553; x_wconf 84' lang='lat' dir='ltr'>satione</span> <span class='ocrx_word' id='word_1_151' title='bbox 336 2498 463 2553; x_wconf 80' lang='lat' dir='ltr'>maxime</span> <span class='ocrx_word' id='word_1_152' title='bbox 485 2512 558 2571; x_wconf 92' lang='lat' dir='ltr'>opus</span> <span class='ocrx_word' id='word_1_153' title='bbox 577 2494 633 2553; x_wconf 87' lang='lat' dir='ltr'>luit</span> <span class='ocrx_word' id='word_1_154' title='bbox 653 2496 682 2553; x_wconf 90' lang='lat' dir='ltr'>in</span> <span class='ocrx_word' id='word_1_155' title='bbox 704 2494 886 2553; x_wconf 84' lang='lat' dir='ltr'>debellandis</span> <span class='ocrx_word' id='word_1_156' title='bbox 906 2494 1069 2555; x_wconf 86' lang='lat' dir='ltr'>Pescennio</span> <span class='ocrx_word' id='word_1_157' title='bbox 1090 2494 1180 2571; x_wconf 83' lang='lat' dir='ltr'>Nigro</span> <span class='ocrx_word' id='word_1_158' title='bbox 1201 2503 1230 2553; x_wconf 88' lang='lat' dir='ltr'>et</span> <span class='ocrx_word' id='word_1_159' title='bbox 1248 2494 1352 2555; x_wconf 83' lang='lat' dir='ltr'>Clodio</span> 
     </span>
     <span class='ocr_line' id='line_1_20' title="bbox 195 2590 1351 2671; baseline 0.001 -20"><span class='ocrx_word' id='word_1_160' title='bbox 195 2592 310 2653; x_wconf 80' lang='lat' dir='ltr'>Albino.</span> <span class='ocrx_word' id='word_1_161' title='bbox 350 2594 448 2671; x_wconf 86' lang='lat' dir='ltr'>itaque</span> <span class='ocrx_word' id='word_1_162' title='bbox 476 2590 594 2651; x_wconf 87' lang='lat' dir='ltr'>Cassius</span> <span class='ocrx_word' id='word_1_163' title='bbox 622 2590 676 2651; x_wconf 90' lang='lat' dir='ltr'>Dio</span> <span class='ocrx_word' id='word_1_164' title='bbox 704 2592 793 2653; x_wconf 91' lang='lat' dir='ltr'>huius</span> <span class='ocrx_word' id='word_1_165' title='bbox 821 2599 949 2653; x_wconf 86' lang='lat' dir='ltr'>mortem</span> <span class='ocrx_word' id='word_1_166' title='bbox 973 2610 1098 2653; x_wconf 88' lang='lat' dir='ltr'>narrans</span> <span class='ocrx_word' id='word_1_167' title='bbox 1121 2590 1216 2671; x_wconf 77' lang='grc' dir='ltr'><em>λέγω,</em></span> <span class='ocrx_word' id='word_1_168' title='bbox 1242 2594 1351 2671; x_wconf 85' lang='lat' dir='ltr'>inquit,</span> 
     </span>
     <span class='ocr_line' id='line_1_21' title="bbox 197 2684 1351 2771; baseline 0 -20"><span class='ocrx_word' id='word_1_169' title='bbox 197 2688 257 2771; x_wconf 81' lang='grc' dir='ltr'>οὐχ</span> <span class='ocrx_word' id='word_1_170' title='bbox 273 2686 334 2751; x_wconf 75' lang='grc' dir='ltr'>ὅσοι</span> <span class='ocrx_word' id='word_1_171' title='bbox 352 2686 367 2749; x_wconf 89' lang='grc' dir='ltr'>ὁ</span> <span class='ocrx_word' id='word_1_172' title='bbox 383 2692 554 2767; x_wconf 61' lang='lat' dir='ltr'>Senecione</span> <span class='ocrx_word' id='word_1_173' title='bbox 569 2688 713 2769; x_wconf 75' lang='grc' dir='ltr'>ἔγραψεν</span> <span class='ocrx_word' id='word_1_174' title='bbox 728 2686 797 2751; x_wconf 78' lang='grc' dir='ltr'>ἀλλ’</span> <span class='ocrx_word' id='word_1_175' title='bbox 817 2686 878 2749; x_wconf 81' lang='grc' dir='ltr'>ὅσα</span> <span class='ocrx_word' id='word_1_176' title='bbox 895 2686 1029 2767; x_wconf 72' lang='grc' dir='ltr'><em>ἀληθῶς</em></span> <span class='ocrx_word' id='word_1_177' title='bbox 1043 2684 1171 2767; x_wconf 74' lang='grc' dir='ltr'>ἐγένετο</span> <span class='ocrx_word' id='word_1_178' title='bbox 1186 2692 1253 2768; x_wconf 79' lang='lat'>(75,</span> <span class='ocrx_word' id='word_1_179' title='bbox 1267 2692 1294 2768; x_wconf 83' lang='lat'>7,</span> <span class='ocrx_word' id='word_1_180' title='bbox 1304 2692 1351 2764; x_wconf 80' lang='lat'>3).</span> 
     </span>
     <span class='ocr_line' id='line_1_22' title="bbox 197 2788 1350 2867; baseline -0.002 -18"><span class='ocrx_word' id='word_1_181' title='bbox 197 2788 250 2849; x_wconf 90' lang='lat' dir='ltr'>sed</span> <span class='ocrx_word' id='word_1_182' title='bbox 274 2806 374 2847; x_wconf 89' lang='lat' dir='ltr'>mores</span> <span class='ocrx_word' id='word_1_183' title='bbox 399 2806 515 2867; x_wconf 86' lang='lat' dir='ltr'>quoque</span> <span class='ocrx_word' id='word_1_184' title='bbox 543 2806 644 2847; x_wconf 87' lang='lat' dir='ltr'>eorum</span> <span class='ocrx_word' id='word_1_185' title='bbox 669 2788 847 2867; x_wconf 78' lang='lat' dir='ltr'>grauissime</span> <span class='ocrx_word' id='word_1_186' title='bbox 868 2788 1024 2849; x_wconf 89' lang='lat' dir='ltr'>insecutus</span> <span class='ocrx_word' id='word_1_187' title='bbox 1043 2796 1087 2849; x_wconf 88' lang='lat' dir='ltr'>est</span> <span class='ocrx_word' id='word_1_188' title='bbox 1107 2790 1165 2864; x_wconf 82' lang='lat' dir='ltr'>(fr.</span> <span class='ocrx_word' id='word_1_189' title='bbox 1179 2790 1210 2849; x_wconf 77' lang='lat'>2.</span> <span class='ocrx_word' id='word_1_190' title='bbox 1225 2790 1254 2849; x_wconf 82' lang='lat'>3.</span> <span class='ocrx_word' id='word_1_191' title='bbox 1271 2791 1298 2847; x_wconf 78' lang='lat'>5.</span> <span class='ocrx_word' id='word_1_192' title='bbox 1314 2792 1350 2863; x_wconf 77' lang='lat'>6)</span> 
     </span>
     <span class='ocr_line' id='line_1_23' title="bbox 196 2884 1351 2967; baseline 0 -20"><span class='ocrx_word' id='word_1_193' title='bbox 196 2888 303 2965; x_wconf 88' lang='lat' dir='ltr'>iusque</span> <span class='ocrx_word' id='word_1_194' title='bbox 324 2904 413 2947; x_wconf 91' lang='lat' dir='ltr'>suum</span> <span class='ocrx_word' id='word_1_195' title='bbox 432 2888 521 2947; x_wconf 91' lang='lat' dir='ltr'>etiam</span> <span class='ocrx_word' id='word_1_196' title='bbox 542 2890 674 2945; x_wconf 89' lang='lat' dir='ltr'>ominum</span> <span class='ocrx_word' id='word_1_197' title='bbox 692 2884 884 2947; x_wconf 88' lang='lat' dir='ltr'>multitudine</span> <span class='ocrx_word' id='word_1_198' title='bbox 906 2886 1049 2947; x_wconf 88' lang='lat' dir='ltr'>stabiliuit</span> <span class='ocrx_word' id='word_1_199' title='bbox 1068 2888 1182 2965; x_wconf 69' lang='grc'><strong>(11.1),</strong></span> <span class='ocrx_word' id='word_1_200' title='bbox 1203 2888 1351 2967; x_wconf 86' lang='lat' dir='ltr'>idemque,</span> 
     </span>
     <span class='ocr_line' id='line_1_24' title="bbox 195 2978 1351 3067; baseline 0.002 -22"><span class='ocrx_word' id='word_1_201' title='bbox 195 2994 231 3047; x_wconf 92' lang='lat' dir='ltr'>ut</span> <span class='ocrx_word' id='word_1_202' title='bbox 258 2984 302 3045; x_wconf 75' lang='lat' dir='ltr'>‘in</span> <span class='ocrx_word' id='word_1_203' title='bbox 335 2986 458 3045; x_wconf 88' lang='lat' dir='ltr'>historia</span> <span class='ocrx_word' id='word_1_204' title='bbox 491 2986 569 3045; x_wconf 90' lang='lat' dir='ltr'>uitae</span> <span class='ocrx_word' id='word_1_205' title='bbox 604 2980 749 3063; x_wconf 86' lang='lat' dir='ltr'>priuatae&#39;</span> <span class='ocrx_word' id='word_1_206' title='bbox 778 2984 811 3043; x_wconf 93' lang='lat' dir='ltr'>de</span> <span class='ocrx_word' id='word_1_207' title='bbox 845 2986 945 3063; x_wconf 86' lang='lat' dir='ltr'>priore</span> <span class='ocrx_word' id='word_1_208' title='bbox 977 3004 1069 3045; x_wconf 85' lang='lat' dir='ltr'>uxore</span> <span class='ocrx_word' id='word_1_209' title='bbox 1102 2984 1250 3045; x_wconf 87' lang='lat' dir='ltr'>Marciana</span> <span class='ocrx_word' id='word_1_210' title='bbox 1280 2978 1351 3067; x_wconf 83' lang='lat' dir='ltr'>(boo</span> 
     </span>
     <span class='ocr_line' id='line_1_25' title="bbox 197 3076 1350 3164; baseline 0 -19"><span class='ocrx_word' id='word_1_211' title='bbox 197 3088 276 3145; x_wconf 92' lang='lat' dir='ltr'>enim</span> <span class='ocrx_word' id='word_1_212' title='bbox 305 3100 414 3143; x_wconf 88' lang='lat' dir='ltr'>nerum</span> <span class='ocrx_word' id='word_1_213' title='bbox 440 3100 549 3141; x_wconf 89' lang='lat' dir='ltr'>nomen</span> <span class='ocrx_word' id='word_1_214' title='bbox 577 3082 646 3161; x_wconf 86' lang='lat' dir='ltr'>fuit,</span> <span class='ocrx_word' id='word_1_215' title='bbox 675 3100 735 3143; x_wconf 91' lang='lat' dir='ltr'>non</span> <span class='ocrx_word' id='word_1_216' title='bbox 763 3076 886 3164; x_wconf 82' lang='lat' dir='ltr'>llarcia)</span> <span class='ocrx_word' id='word_1_217' title='bbox 916 3089 1029 3143; x_wconf 84' lang='lat' dir='ltr'>taceret</span> <span class='ocrx_word' id='word_1_218' title='bbox 1056 3086 1124 3156; x_wconf 84' lang='lat' dir='ltr'>(uit.</span> <span class='ocrx_word' id='word_1_219' title='bbox 1146 3088 1174 3160; x_wconf 80' lang='lat'>3,</span> <span class='ocrx_word' id='word_1_220' title='bbox 1193 3086 1239 3162; x_wconf 82' lang='lat'>2),</span> <span class='ocrx_word' id='word_1_221' title='bbox 1270 3092 1350 3145; x_wconf 85' lang='lat' dir='ltr'>certa</span> 
     </span>
     <span class='ocr_line' id='line_1_26' title="bbox 163 3180 1350 3261; baseline 0.001 -20"><span class='ocrx_word' id='word_1_222' title='bbox 163 3254 164 3259; x_wconf 8' lang='grc' dir='ltr'>η</span> <span class='ocrx_word' id='word_1_223' title='bbox 197 3202 286 3241; x_wconf 90' lang='grc'><strong>63663</strong></span> <span class='ocrx_word' id='word_1_224' title='bbox 314 3180 459 3243; x_wconf 88' lang='lat' dir='ltr'>adductus</span> <span class='ocrx_word' id='word_1_225' title='bbox 488 3188 546 3259; x_wconf 89' lang='lat' dir='ltr'>est,</span> <span class='ocrx_word' id='word_1_226' title='bbox 573 3200 642 3241; x_wconf 90' lang='lat' dir='ltr'>nam</span> <span class='ocrx_word' id='word_1_227' title='bbox 671 3184 742 3241; x_wconf 89' lang='lat' dir='ltr'>baec</span> <span class='ocrx_word' id='word_1_228' title='bbox 768 3184 795 3241; x_wconf 94' lang='lat' dir='ltr'>ei</span> <span class='ocrx_word' id='word_1_229' title='bbox 818 3181 895 3239; x_wconf 89' lang='lat' dir='ltr'>tilias</span> <span class='ocrx_word' id='word_1_230' title='bbox 918 3189 1090 3261; x_wconf 88' lang='lat' dir='ltr'>pepererat,</span> <span class='ocrx_word' id='word_1_231' title='bbox 1112 3182 1199 3260; x_wconf 79' lang='lat' dir='ltr'>filios,</span> <span class='ocrx_word' id='word_1_232' title='bbox 1223 3202 1350 3261; x_wconf 87' lang='lat' dir='ltr'>quornm</span> 
     </span>
     <span class='ocr_line' id='line_1_27' title="bbox 196 3276 1350 3359; baseline 0 -18"><span class='ocrx_word' id='word_1_233' title='bbox 196 3276 305 3357; x_wconf 78' lang='lat' dir='ltr'>genere</span> <span class='ocrx_word' id='word_1_234' title='bbox 340 3280 521 3357; x_wconf 80' lang='lat' dir='ltr'>gloriabatur</span> <span class='ocrx_word' id='word_1_235' title='bbox 554 3280 630 3351; x_wconf 84' lang='lat' dir='ltr'>(uid.</span> <span class='ocrx_word' id='word_1_236' title='bbox 657 3282 737 3341; x_wconf 79' lang='lat' dir='ltr'>Aelii</span> <span class='ocrx_word' id='word_1_237' title='bbox 764 3280 872 3339; x_wconf 80' lang='lat' dir='ltr'>Mauri</span> <span class='ocrx_word' id='word_1_238' title='bbox 897 3280 955 3355; x_wconf 75' lang='lat' dir='ltr'>fr.)</span> <span class='ocrx_word' id='word_1_239' title='bbox 987 3280 1095 3359; x_wconf 82' lang='lat' dir='ltr'>altera,</span> <span class='ocrx_word' id='word_1_240' title='bbox 1125 3280 1201 3341; x_wconf 89' lang='grc'><strong>16113</strong></span> <span class='ocrx_word' id='word_1_241' title='bbox 1235 3280 1350 3341; x_wconf 86' lang='lat' dir='ltr'>Domna</span> 
     </span>
     <span class='ocr_line' id='line_1_28' title="bbox 197 3378 665 3453; baseline -0.006 -13"><span class='ocrx_word' id='word_1_242' title='bbox 197 3382 318 3451; x_wconf 80' lang='lat' dir='ltr'>(Gcscd.</span> <span class='ocrx_word' id='word_1_243' title='bbox 340 3378 411 3437; x_wconf 81' lang='lat' dir='ltr'>Itu.</span> <span class='ocrx_word' id='word_1_244' title='bbox 431 3378 452 3437; x_wconf 91' lang='lat' dir='ltr'>I</span> <span class='ocrx_word' id='word_1_245' title='bbox 465 3396 497 3453; x_wconf 79' lang='lat' dir='ltr'>p.</span> <span class='ocrx_word' id='word_1_246' title='bbox 518 3378 584 3435; x_wconf 84' lang='lat'>375</span> <span class='ocrx_word' id='word_1_247' title='bbox 599 3382 665 3451; x_wconf 70' lang='lat' dir='ltr'>sd).</span> 
     </span>
    </p>

    <p class='ocr_par' dir='ltr' id='par_1_6' title="bbox 194 3474 1350 3752">
     <span class='ocr_line' id='line_1_29' title="bbox 286 3474 1349 3555; baseline 0.002 -20"><span class='ocrx_word' id='word_1_248' title='bbox 286 3476 372 3535; x_wconf 90' lang='lat' dir='ltr'>Plura</span> <span class='ocrx_word' id='word_1_249' title='bbox 403 3478 437 3535; x_wconf 90' lang='lat' dir='ltr'>de</span> <span class='ocrx_word' id='word_1_250' title='bbox 468 3478 531 3535; x_wconf 90' lang='lat' dir='ltr'>eius</span> <span class='ocrx_word' id='word_1_251' title='bbox 558 3474 683 3535; x_wconf 89' lang='lat' dir='ltr'>historia</span> <span class='ocrx_word' id='word_1_252' title='bbox 711 3496 765 3555; x_wconf 92' lang='lat' dir='ltr'>pro</span> <span class='ocrx_word' id='word_1_253' title='bbox 794 3486 874 3537; x_wconf 88' lang='lat' dir='ltr'>certo</span> <span class='ocrx_word' id='word_1_254' title='bbox 905 3496 1015 3555; x_wconf 89' lang='lat' dir='ltr'>ponere</span> <span class='ocrx_word' id='word_1_255' title='bbox 1043 3494 1102 3536; x_wconf 89' lang='lat' dir='ltr'>non</span> <span class='ocrx_word' id='word_1_256' title='bbox 1130 3476 1210 3535; x_wconf 90' lang='lat' dir='ltr'>licet.</span> <span class='ocrx_word' id='word_1_257' title='bbox 1251 3496 1349 3553; x_wconf 84' lang='lat' dir='ltr'>neque</span> 
     </span>
     <span class='ocr_line' id='line_1_30' title="bbox 196 3574 1350 3655; baseline 0.003 -22"><span class='ocrx_word' id='word_1_258' title='bbox 196 3578 278 3635; x_wconf 89' lang='lat' dir='ltr'>enim</span> <span class='ocrx_word' id='word_1_259' title='bbox 302 3574 465 3651; x_wconf 81' lang='lat' dir='ltr'>fragmenta</span> <span class='ocrx_word' id='word_1_260' title='bbox 488 3574 564 3633; x_wconf 88' lang='lat' dir='ltr'>ultra</span> <span class='ocrx_word' id='word_1_261' title='bbox 595 3576 688 3635; x_wconf 90' lang='lat' dir='ltr'>uictos</span> <span class='ocrx_word' id='word_1_262' title='bbox 719 3584 859 3653; x_wconf 74' lang='lat' dir='ltr'>tyrannos</span> <span class='ocrx_word' id='word_1_263' title='bbox 886 3580 1047 3654; x_wconf 86' lang='lat' dir='ltr'>pertinent,</span> <span class='ocrx_word' id='word_1_264' title='bbox 1077 3574 1111 3635; x_wconf 90' lang='lat' dir='ltr'>de</span> <span class='ocrx_word' id='word_1_265' title='bbox 1142 3593 1198 3655; x_wconf 88' lang='lat' dir='ltr'>qua</span> <span class='ocrx_word' id='word_1_266' title='bbox 1229 3574 1350 3653; x_wconf 86' lang='lat' dir='ltr'>quidem</span> 
     </span>
     <span class='ocr_line' id='line_1_31' title="bbox 194 3672 1349 3752; baseline 0 -19"><span class='ocrx_word' id='word_1_267' title='bbox 194 3680 279 3751; x_wconf 90' lang='lat' dir='ltr'>parte</span> <span class='ocrx_word' id='word_1_268' title='bbox 315 3674 400 3733; x_wconf 90' lang='lat' dir='ltr'>uitae</span> <span class='ocrx_word' id='word_1_269' title='bbox 434 3676 614 3751; x_wconf 88' lang='lat' dir='ltr'>posteriores</span> <span class='ocrx_word' id='word_1_270' title='bbox 651 3676 811 3751; x_wconf 90' lang='lat' dir='ltr'>scriptores</span> <span class='ocrx_word' id='word_1_271' title='bbox 845 3676 973 3733; x_wconf 87' lang='lat' dir='ltr'>maxime</span> <span class='ocrx_word' id='word_1_272' title='bbox 1003 3672 1165 3752; x_wconf 86' lang='lat' dir='ltr'>habebant,</span> <span class='ocrx_word' id='word_1_273' title='bbox 1199 3692 1251 3733; x_wconf 90' lang='lat' dir='ltr'>cur</span> <span class='ocrx_word' id='word_1_274' title='bbox 1284 3692 1349 3733; x_wconf 87' lang='lat' dir='ltr'>eam</span> 
     </span>
    </p>
   </div>
   <div class='ocr_carea' id='block_1_6' title="bbox 195 3814 436 3821">
    <p class='ocr_par' dir='ltr' id='par_1_7' title="bbox 195 3814 436 3821">
     <span class='ocr_line' id='line_1_32' title="bbox 195 3814 436 3821; baseline 0 0"><span class='ocrx_word' id='word_1_275' title='bbox 195 3816 358 3821; x_wconf 50' lang='lat' dir='ltr'>...h-—ffl-——</span> <span class='ocrx_word' id='word_1_276' title='bbox 359 3814 397 3821; x_wconf 54' lang='lat'>-----</span> <span class='ocrx_word' id='word_1_277' title='bbox 398 3816 436 3821; x_wconf 71' lang='lat'><em>...-</em></span> 
     </span>
    </p>
   </div>
   <div class='ocr_carea' id='block_1_7' title="bbox 136 3897 1350 4453">
    <p class='ocr_par' dir='ltr' id='par_1_8' title="bbox 136 3897 1350 4453">
     <span class='ocr_line' id='line_1_33' title="bbox 288 3897 1350 3967; baseline 0.002 -18"><span class='ocrx_word' id='word_1_278' title='bbox 288 3900 311 3967; x_wconf 78' lang='lat'>1)</span> <span class='ocrx_word' id='word_1_279' title='bbox 332 3898 513 3965; x_wconf 81' lang='lat' dir='ltr'>Apuleium</span> <span class='ocrx_word' id='word_1_280' title='bbox 536 3900 566 3953; x_wconf 87' lang='lat' dir='ltr'>iu</span> <span class='ocrx_word' id='word_1_281' title='bbox 586 3900 710 3967; x_wconf 82' lang='lat' dir='ltr'>epitomis</span> <span class='ocrx_word' id='word_1_282' title='bbox 728 3898 908 3953; x_wconf 68' lang='lat' dir='ltr'>ilistoriarum</span> <span class='ocrx_word' id='word_1_283' title='bbox 924 3897 1087 3953; x_wconf 82' lang='lat' dir='ltr'>Priscianus</span> <span class='ocrx_word' id='word_1_284' title='bbox 1104 3898 1130 3949; x_wconf 93' lang='grc' dir='ltr'>Π</span> <span class='ocrx_word' id='word_1_285' title='bbox 1148 3918 1174 3967; x_wconf 90' lang='lat' dir='ltr'>p.</span> <span class='ocrx_word' id='word_1_286' title='bbox 1189 3904 1241 3955; x_wconf 72' lang='lat'>482</span> <span class='ocrx_word' id='word_1_287' title='bbox 1257 3898 1290 3953; x_wconf 86' lang='grc' dir='ltr'>Κ.</span> <span class='ocrx_word' id='word_1_288' title='bbox 1310 3898 1350 3951; x_wconf 86' lang='grc'>61-</span> 
     </span>
     <span class='ocr_line' id='line_1_34' title="bbox 194 3976 1349 4049; baseline 0.002 -18"><span class='ocrx_word' id='word_1_289' title='bbox 194 3978 270 4031; x_wconf 81' lang='grc'><strong>13611</strong></span> <span class='ocrx_word' id='word_1_290' title='bbox 298 3980 342 4045; x_wconf 82' lang='lat' dir='ltr'>(ex</span> <span class='ocrx_word' id='word_1_291' title='bbox 370 3978 466 4047; x_wconf 85' lang='lat' dir='ltr'>eisque</span> <span class='ocrx_word' id='word_1_292' title='bbox 491 3978 662 4033; x_wconf 81' lang='lat' dir='ltr'>‘Aeuenuieu</span> <span class='ocrx_word' id='word_1_293' title='bbox 681 3976 771 4049; x_wconf 80' lang='lat' dir='ltr'>peus&#39;)</span> <span class='ocrx_word' id='word_1_294' title='bbox 800 3980 976 4045; x_wconf 86' lang='lat' dir='ltr'>eundemque</span> <span class='ocrx_word' id='word_1_295' title='bbox 1000 3981 1043 4033; x_wconf 80' lang='lat' dir='ltr'>‘iu</span> <span class='ocrx_word' id='word_1_296' title='bbox 1070 3980 1198 4047; x_wconf 77' lang='lat' dir='ltr'>epitouu’</span> <span class='ocrx_word' id='word_1_297' title='bbox 1223 3980 1349 4047; x_wconf 69' lang='grc'><strong>16256</strong></span> 
     </span>
     <span class='ocr_line' id='line_1_35' title="bbox 194 4060 1350 4129; baseline 0.003 -18"><span class='ocrx_word' id='word_1_298' title='bbox 194 4060 243 4127; x_wconf 86' lang='lat' dir='ltr'>(set</span> <span class='ocrx_word' id='word_1_299' title='bbox 261 4076 321 4111; x_wconf 85' lang='lat' dir='ltr'>auu</span> <span class='ocrx_word' id='word_1_300' title='bbox 346 4060 483 4129; x_wconf 79' lang='lat' dir='ltr'>sestertius</span> <span class='ocrx_word' id='word_1_301' title='bbox 500 4060 664 4127; x_wconf 81' lang='lat' dir='ltr'>dipondium</span> <span class='ocrx_word' id='word_1_302' title='bbox 681 4060 829 4126; x_wconf 83' lang='lat' dir='ltr'>semissem,</span> <span class='ocrx_word' id='word_1_303' title='bbox 852 4062 999 4127; x_wconf 74' lang='lat' dir='ltr'>quinarius</span> <span class='ocrx_word' id='word_1_304' title='bbox 1019 4060 1198 4129; x_wconf 68' lang='lat' dir='ltr'>quinquenne,</span> <span class='ocrx_word' id='word_1_305' title='bbox 1217 4060 1350 4115; x_wconf 81' lang='lat' dir='ltr'>denarius</span> 
     </span>
     <span class='ocr_line' id='line_1_36' title="bbox 195 4138 1349 4209; baseline 0.002 -16"><span class='ocrx_word' id='word_1_306' title='bbox 195 4140 313 4195; x_wconf 77' lang='lat' dir='ltr'>decausis</span> <span class='ocrx_word' id='word_1_307' title='bbox 337 4138 471 4207; x_wconf 81' lang='lat' dir='ltr'>eiciebat),</span> <span class='ocrx_word' id='word_1_308' title='bbox 498 4140 573 4193; x_wconf 83' lang='lat' dir='ltr'>unde</span> <span class='ocrx_word' id='word_1_309' title='bbox 604 4138 826 4207; x_wconf 67' lang='grc'><strong>861166611116.</strong></span> <span class='ocrx_word' id='word_1_310' title='bbox 845 4146 991 4207; x_wconf 74' lang='grc'><strong>1346616,</strong></span> <span class='ocrx_word' id='word_1_311' title='bbox 1021 4140 1069 4209; x_wconf 88' lang='lat' dir='ltr'>qui</span> <span class='ocrx_word' id='word_1_312' title='bbox 1097 4141 1349 4209; x_wconf 84' lang='lat' dir='ltr'>metamorphoseis</span> 
     </span>
     <span class='ocr_line' id='line_1_37' title="bbox 194 4216 1348 4287; baseline 0.001 -14"><span class='ocrx_word' id='word_1_313' title='bbox 194 4220 285 4285; x_wconf 82' lang='lat' dir='ltr'>finxit,</span> <span class='ocrx_word' id='word_1_314' title='bbox 308 4216 395 4271; x_wconf 83' lang='lat' dir='ltr'>etiam</span> <span class='ocrx_word' id='word_1_315' title='bbox 419 4220 447 4271; x_wconf 88' lang='grc'>16</span> <span class='ocrx_word' id='word_1_316' title='bbox 472 4218 591 4273; x_wconf 83' lang='lat' dir='ltr'>historia</span> <span class='ocrx_word' id='word_1_317' title='bbox 614 4220 761 4273; x_wconf 81' lang='lat' dir='ltr'>scribenda</span> <span class='ocrx_word' id='word_1_318' title='bbox 786 4223 929 4273; x_wconf 82' lang='lat' dir='ltr'>uersatum</span> <span class='ocrx_word' id='word_1_319' title='bbox 953 4238 1014 4275; x_wconf 86' lang='lat' dir='ltr'>esse</span> <span class='ocrx_word' id='word_1_320' title='bbox 1037 4222 1183 4287; x_wconf 87' lang='lat' dir='ltr'>conclusit,</span> <span class='ocrx_word' id='word_1_321' title='bbox 1207 4222 1255 4273; x_wconf 88' lang='lat' dir='ltr'>sed</span> <span class='ocrx_word' id='word_1_322' title='bbox 1274 4221 1348 4275; x_wconf 88' lang='lat' dir='ltr'>malo</span> 
     </span>
     <span class='ocr_line' id='line_1_38' title="bbox 194 4300 1348 4369; baseline 0.002 -16"><span class='ocrx_word' id='word_1_323' title='bbox 194 4300 264 4355; x_wconf 87' lang='lat' dir='ltr'>haee</span> <span class='ocrx_word' id='word_1_324' title='bbox 290 4300 447 4369; x_wconf 81' lang='lat' dir='ltr'>fragmenta</span> <span class='ocrx_word' id='word_1_325' title='bbox 472 4300 500 4351; x_wconf 87' lang='lat' dir='ltr'>in</span> <span class='ocrx_word' id='word_1_326' title='bbox 524 4300 683 4355; x_wconf 83' lang='lat' dir='ltr'>fabularum</span> <span class='ocrx_word' id='word_1_327' title='bbox 707 4300 1053 4355; x_wconf 71' lang='lat' dir='ltr'>romanensium‘numero</span> <span class='ocrx_word' id='word_1_328' title='bbox 1072 4318 1189 4369; x_wconf 83' lang='lat' dir='ltr'>ponere,</span> <span class='ocrx_word' id='word_1_329' title='bbox 1211 4301 1348 4369; x_wconf 84' lang='lat' dir='ltr'>aquibus</span> 
     </span>
     <span class='ocr_line' id='line_1_39' title="bbox 136 4378 1199 4453; baseline 0.003 -20"><span class='ocrx_word' id='word_1_330' title='bbox 136 4450 137 4453; x_wconf 8' lang='grc' dir='ltr'><strong>Ἴ</strong></span> <span class='ocrx_word' id='word_1_331' title='bbox 194 4398 260 4435; x_wconf 83' lang='grc'><strong>6666</strong></span> <span class='ocrx_word' id='word_1_332' title='bbox 282 4400 307 4435; x_wconf 91' lang='lat' dir='ltr'>u.</span> <span class='ocrx_word' id='word_1_333' title='bbox 331 4378 536 4435; x_wconf 77' lang='lat' dir='ltr'>‘historiarum&#39;</span> <span class='ocrx_word' id='word_1_334' title='bbox 554 4398 610 4435; x_wconf 84' lang='grc'>666</span> <span class='ocrx_word' id='word_1_335' title='bbox 630 4382 763 4435; x_wconf 79' lang='lat' dir='ltr'>abhorret</span> <span class='ocrx_word' id='word_1_336' title='bbox 784 4382 1017 4453; x_wconf 65' lang='lat' dir='ltr'>(aeschinen</span> <span class='ocrx_word' id='word_1_337' title='bbox 1034 4400 1060 4451; x_wconf 89' lang='lat' dir='ltr'>p.</span> <span class='ocrx_word' id='word_1_338' title='bbox 1079 4386 1129 4435; x_wconf 80' lang='lat'>204</span> <span class='ocrx_word' id='word_1_339' title='bbox 1141 4384 1199 4450; x_wconf 72' lang='grc'><strong>66),</strong></span> 
     </span>
    </p>
   </div>
   <div class='ocr_carea' id='block_1_8' title="bbox 0 0 1622 4950">
    <p class='ocr_par' dir='ltr' id='par_1_9' title="bbox 0 0 1622 4950">
     <span class='ocr_line' id='line_1_40' title="bbox 0 0 1622 4950; baseline 0 2"><span class='ocrx_word' id='word_1_340' title='bbox 0 0 1622 4950; x_wconf 95' lang='lat' dir='ltr'> </span> 
     </span>
    </p>
   </div>
  </div>
 </body>
</html>
