3234 4950
597 425 798 484 NICOMAOHI
818 427 864 478 Er
884 427 1077 480 SYMMACHI
1343 427 1408 474 CCV

258 601 341 658 nium
370 605 489 658 secutus
514 595 566 672 (cs.
592 597 749 670 Wendlc'ny
775 595 873 656 Herm.
895 593 937 654 28
955 614 988 671 p.
1003 595 1085 668 345)
1107 595 1256 654 Romanos
1285 595 1409 654 aliarum

259 697 391 772 gentium
417 697 607 773 antiquitates
631 693 759 772 doceret,
786 711 858 772 quas
880 695 939 772 ipsi
963 695 1070 754 imitati
1095 699 1203 754 essent.

497 995 767 1070 Niceronem
792 985 854 1068 Ε”Γ
878 996 1130 1070 SYMMAOHI
1140 991 1165 1081 ¹)

346 1177 381 1238 Hi
412 1195 515 1258 agmen
546 1176 697 1254 claudunt,
728 1178 778 1254 qui
805 1195 873 1236 curn
902 1177 1053 1256 principes
1087 1177 1224 1237 factionis
1250 1177 1407 1254 gentilium

257 1283 366 1356 essent,
395 1285 425 1336 et
447 1275 555 1336 litteris
580 1285 610 1336 et
631 1277 805 1336 auctoritate
831 1293 884 1336 sna
907 1293 963 1354 per
985 1283 1105 1336 centum
1127 1293 1221 1336 annos
1242 1273 1407 1336 Romanam

256 1377 462 1454 antiquitatem
491 1373 652 1432 tuebantur
679 1381 709 1432 et
737 1373 914 1434 retinebant.
951 1373 1003 1434 sed
1032 1393 1068 1432 ne
1096 1375 1125 1432 in
1150 1375 1313 1434 enarranda
1338 1393 1407 1434 con·

259 1475 458 1552 sanguinitate
484 1479 512 1532 11
538 1471 680 1532 allinitate
703 1471 808 1550 longus
832 1473 899 1550 sim,
922 1478 1047 1532 stemma
1070 1491 1107 1532 ex
1128 1471 1315 1550 Fragmentis
1339 1473 1407 1534 hist.

256 1569 338 1630 linrn.
364 1569 482 1630 Seeckii
504 1571 636 1630 doctrina
663 1573 770 1648 111111)
796 1582 964 1630 correctum
986 1571 1046 1630 huc
1067 1573 1257 1632 transieram:

910 1723 929 1776 1.
958 1725 987 1776 L.
1010 1724 1142 1778 Aurelius
1165 1724 1303 1780 Auianius
1327 1726 1406 1794 Sym·

960 1797 1076 1850 machus
1105 1801 1245 1866 111376,
1274 1795 1406 1868 princeps

960 1871 1083 1923 senatus.

256 2017 279 2064 1.
300 2011 413 2064 Vinius
431 2011 813 2064 111101111111111111111-
891 2011 925 2064 II.
955 2011 1127 2076 Q.Aurelius
1141 2011 1334 2080 Symmachus,
1345 2029 1406 2066 ora-

300 2101 365 2136 nur
403 2101 455 2138 cos.
487 2089 539 2136 394
574 2083 716 2152 pauloque
751 2084 816 2152 post
950 2083 1185 2149 minutissimus,
1204 2101 1258 2138 cos.
1276 2089 1335 2139 391.

301 2153 417 2222 occisus,
434 2153 623 2234 historicus

256 2287 278 2332 2.
300 2277 488 2332 Nicomachus
505 2245 659 2360 Flhuiapnus
679 2295 701 2332 a.
724 2285 773 2332 431
800 2279 887 2348 praef.
904 2279 1119 2350 praeest-filia
1147 2279 1192 2334 ΙΠ.
1219 2279 1248 2344 Q.
1269 2279 1371 2332 Fabius

300 2351 497 2404 emendator
516 2351 615 2404 Liuii.
1032 2356 1037 2440 1
1219 2353 1365 2406 Memmius

1009 2455 1087 2484 m
1222 2423 1405 2493 Symmachus

259 2461 411 2565 &Appius
430 2494 617 2549 Nicomachus
635 2496 752 2563 Dexter,
780 2494 867 2567 praef.
880 2492 945 2549 urbi
1000 2494 1092 2549 Galla.
1105 2528 1205 2555 „a
1218 2499 1332 2567 praetor
1342 2502 1403 2549 401.

299 2566 372 2621 inter
391 2584 408 2621 a
427 2572 576 2633 427-431,
598 2568 798 2621 emendator
815 2566 918 2621 Liuii.
1153 2568 1157 2641 l

1034 2640 1218 2707 Symmachus
1236 2646 1366 2695 101446.

903 2780 962 2837 ΗΠ.
991 2780 1023 2845 (1.
1042 2714 1203 2837 Aurelius
1227 2782 1404 2837 Memmius

992 2852 1230 2921 Symmachus
1261 2872 1316 2909 cos.
1342 2860 1403 2923 485,

991 2926 1179 2995 1111111εὸ11,
1203 2926 1403 2981 historicus.

340 3076 458 3137 Primus
478 3078 569 3155 igitur
591 3078 716 3137 historia
736 3078 765 3135 in
786 3076 831 3137 his
856 3074 978 3135 familiis
1000 3074 1138 3137 inclaruit
1159 3078 1280 3137 Vinius
1299 3074 1404 3137 Nico·

253 3174 396 3235 machus
422 3174 616 3235 Flauianus
635 3178 679 3247 (n.
694 3176 740 3251 1),
757 3180 845 3233 natus
868 3192 892 3233 a.
913 3170 1068 3251 1111334,
1090 3172 1222 3251 aequalis
1240 3172 1273 3243 Q.
1291 3174 1405 3235 Aurelii

253 3272 422 3351 Symmachi
445 3290 503 3333 cos
524 3268 599 3351 391,
622 3274 770 3333 notissimi
792 3272 872 3333 illius
895 3274 1031 3351 oratoris,
1054 3276 1138 3333 ouius
1164 3272 1329 3353 scriptaad
1349 3292 1404 3333 nos

251 3380 461 3451 peruenerunt.
502 3390 568 3431 cunr
597 3380 695 3431 tamen
724 3372 772 3431 hio
802 3380 865 3431 arte
893 3368 1011 3431 dicendi
1040 3370 1158 3449 publice
1185 3370 1320 3450 floreret,
1353 3372 1403 3431 ille

253 3468 479 3549 tempestatibus
511 3468 590 3528 illius
624 3472 728 3531 aetatis
762 3468 891 3549 puhlicis
926 3488 1012 3549 saepe
1051 3472 1081 3527 in
1119 3472 1212 3530 otium
1244 3477 1403 3531 reuocatus

252 3568 454 3647 philosophiae
485 3574 513 3627 et
541 3570 617 3627 iuris
644 3568 794 3645 auguralis
821 3572 964 3629 scientiae
994 3570 1115 3629 uacauit
1136 3570 1291 3641 (Macrob.
1309 3572 1408 3629 sot]

252 3670 280 3745 5,
302 3668 352 3725 13.
378 3668 473 3727 Seeclr
495 3684 527 3743 p.
549 3668 717 3745 citream),
745 3668 838 3727 uitam
866 3664 1011 3745 Apollonii
1042 3664 1151 3743 Tyanei
1175 3662 1203 3725 ‘e
1232 3666 1403 3729 Philostrati

253 3758 386 3825 schedis’
414 3764 572 3843 exscripsit
601 3764 795 3843 (1111111111.
814 3784 860 3841 ep.
881 3766 1011 3838 Viris)
1042 3772 1128 3843 atque
1162 3764 1240 3825 idem
1271 3766 1401 3844 annales

253 3864 338 3923 etiarn
367 3862 450 3923 titulo
475 3870 593 3923 ueteres
620 3866 758 3941 imitatus,
787 3862 822 3925 ad
851 3866 1062 3941 imperatorem
1083 3862 1284 3923 Theodosium
1310 3866 1402 3943 misit,

253 3964 336 4021 euius
367 3962 467 4021 lauore
496 3956 695 4039 1111111388
720 3980 773 4043 per
799 3962 911 4043 aliquot
937 3979 1030 4021 annos
1054 3980 1126 4023 usus
1150 3964 1240 4023 etiam
1262 3971 1402 4041 quaestu·

253 4080 315 4121 ram
342 4062 422 4121 sacri
444 4058 548 4121 Palatii
575 4058 699 4139 adeptus
730 4068 788 4139 est,
815 4068 880 4121 turn
907 4078 981 4121 uero
1007 4062 1182 4139 imperatori
1206 4060 1340 4137 Eugenio
1368 4080 1401 4121 se

254 4157 367 4219 addixit
385 4166 414 4219 et
436 4176 501 4217 eum
520 4176 556 4217 eo
574 4160 674 4219 rrietns
694 4178 746 4219 sua
764 4176 856 4219 manu
874 4166 1000 4219 mortem
1014 4160 1089 4219 obiit
1105 4154 1142 4242 (a.
1159 4154 1248 4243 394).
1272 4160 1402 4220 honores

253 4292 328 4299 ..um-..-
331 4292 491 4297 ...n-...mm-

340 4370 368 4433 1)
385 4364 449 4421 Vid.
466 4364 555 4421 Seeck
569 4368 659 4435 praefi
676 4368 712 4421 od
733 4368 831 4439 Syriam,
845 4386 875 4437 p.
889 4384 1029 4438 xxxixsqq.
1053 4388 1104 4421 exn
1114 4384 1169 4435 sqq.
1189 4364 1288 4421 Geseh.
1302 4367 1400 4422 Litter.

252 4448 288 4501 ΙΙ
300 4464 329 4517 p.
344 4450 382 4501 30
390 4462 429 4515 eq.
445 4450 481 4499 32
491 4464 544 4515 sqq.
