3234 4950
445 387 513 440 ibli’.
528 386 685 441 FLAVIVS
702 386 882 441 Veianius
901 386 1180 441 CONSTANTINVS
1308 388 1387 435 Csttll

238 558 420 615 atterroetere
443 558 588 615 tetstomco
609 558 736 629 clipeata,
756 572 833 629 puae
856 558 943 615 arctim
963 560 1100 629 etcorpins
1125 564 1150 615 et
1170 558 1386 629 perordinem

236 656 357 713 scribas
382 656 503 727 additia,
526 672 605 727 ortae
630 656 673 713 aad
694 657 788 713 uttam
805 656 971 729 pertinent.
1010 672 1087 727 petrae
1113 656 1212 713 caretate
1239 672 1275 713 ea·
1300 656 1387 713 tibrte

237 756 346 825 betete,
372 758 402 811 tn
427 754 535 827 petbus
560 758 623 827 ipse
645 754 803 812 cotidiene
826 770 883 819 stro
905 752 1001 811 ecrtbt
1020 758 1234 827 praeceperat,
1252 768 1313 827 pro
1332 758 1386 809 tna

234 854 397 911 ,sedata-‘tote
420 854 586 911 condteeee.
625 852 741 911 corabo
764 858 874 927 atatem,
897 858 931 911 ut
954 852 1009 911 ttbt
1032 870 1072 911 ecc
1093 850 1182 927 leia
1205 852 1386 911 bibliothece

236 957 266 1007 et
278 944 377 1027 <aren
391 950 463 1009 aon
480 952 569 1008 ltotet
583 950 799 1025 proferantur.
836 950 1002 1027 interposui
1020 958 1120 1009 autom
1140 944 1227 1025 ‘atti’,
1250 956 1282 1007 ut
1302 956 1387 1007 tenor

236 1048 451 1107 sententiarum
473 1048 697 1128 restitueretur3
719 1054 812 1107 totam
837 1052 915 1107 enim
936 1046 1085 1109 Aureliani
1111 1048 1281 1125 scriptionis
1302 1046 1385 1107 here·

237 1144 357 1205 ditatam
372 1146 454 1225 leia
472 1144 650 1205 bibliotheca
671 1154 820 1206 seruatam
840 1164 904 1205 esse
927 1166 960 1205 ax
982 1146 1039 1205 tine
1065 1148 1169 1225 capitis
1193 1146 1384 1223 intellegitur,

236 1262 293 1321 quo
314 1244 457 1324 Vopiscus
481 1244 537 1304 duo
563 1262 672 1323 genera
692 1244 817 1305 sontium
839 1244 1003 1323 distinguit,
1023 1244 1202 1305 Graecorum
1223 1250 1385 1321 auctorum,

237 1340 272 1401 de
296 1340 404 1421 quihus
429 1340 490 1419 §4
513 1344 604 1403 uerba
629 1344 750 1421 iecerat,
773 1350 804 1403 et
826 1342 985 1405 linteorum
1009 1342 1152 1403 librorum
1179 1342 1258 1403 illius
1280 1342 1385 1403 biblio·

234 1440 338 1499 thec-ae
363 1444 440 1514 (υἱεῖ.
463 1444 518 1503 Dte
536 1444 648 1518 Sertpt.
666 1444 696 1503 b.
714 1444 751 1503 Α.
769 1460 803 1517 p.
824 1442 910 1513 165).
949 1460 1046 1519 neque
1075 1460 1146 1501 uero
1176 1442 1293 1521 publico
1318 1442 1384 1501 usui

236 1538 444 1617 ephemeridas
470 1538 575 1601 Latine
601 1542 779 1619 compositas
810 1538 1016 1617 destinauerat,
1046 1540 1075 1601 id
1104 1540 1183 1619 quod
1208 1548 1238 1601 et
1261 1542 1385 1601 materia

236 1646 266 1697 et
283 1645 442 1717 praecepto
461 1638 611 1699 scribendi
632 1640 817 1717 significatur
831 1640 883 1715 (cf.
901 1640 1102 1713 carrarum)
1125 1648 1210 1717 atque
1236 1640 1324 1699 etiam
1350 1622 1384 1697 de

236 1730 350 1797 ‘bellis'
373 1738 438 1796 ueri
462 1736 560 1799 simile
584 1745 637 1799 est.

234 1970 517 2043 turbandae
539 1970 739 2044 FLAVIVS
764 1970 992 2045 VALERIVS
1017 1970 1384 2043 demanantibus

437 2108 529 2176 (nebus
548 2108 630 2162 breui
647 2110 712 2177 posi
731 2124 756 2163 a.
771 2114 831 2175 280,
851 2108 1005 2177 imperator
1023 2108 1185 2177 eoa-337.)

325 2240 450 2299 triennes
468 2240 568 2321 Lydus
584 2244 617 2301 in
635 2240 720 2301 libris
741 2240 775 2301 de
793 2240 1016 2319 magistratibus
1037 2240 1150 2301 duobus
1173 2240 1247 2301 locis
1269 2258 1324 2301 nos
1348 2240 1384 2301 ad

236 2356 304 2399 eum
320 2346 450 2417 reuocat,
462 2342 572 2418 priore,
586 2358 644 2417 quo
664 2338 700 2399 de
718 2341 839 2399 nomine
856 2340 1126 2419 Constantinopolis
1144 2342 1203 2419 agit
1218 2342 1272 2417 (fr.
1288 2342 1332 2417 1),
1348 2340 1383 2399 ad

236 2438 301 2498 eius
311 2432 493 2518 Λιαλέξεις,
509 2433 546 2512 ἃς
561 2434 659 2510 αὐτὸς
674 2436 779 2522 οἰκείᾳ
794 2444 890 2520 merop
906 2436 1034 2520 γράψας
1050 2434 1276 2518 ἀπολέλοιπεν,
1293 2438 1384 2500 altero

235 2537 288 2612 (fr.
305 2539 340 2611 2)
365 2537 401 2598 ad
425 2541 489 2598 eius
515 2535 785 2620 ‘ovpppolppeco'‚
812 2557 868 2616 quo
899 2537 934 2598 de
959 2540 1081 2598 consilio
1106 2537 1177 2600 belli
1199 2537 1316 2598 Parthis
1338 2541 1384 2598 iu-

235 2635 360 2696 ierendi.
393 2638 544 2716 pertinent
568 2639 658 2716 igitur
677 2635 714 2696 ad
731 2637 870 2696 ultimum
891 2637 1077 2698 Constantini
1095 2639 1262 2716 imperium.
1296 2655 1384 2716 quem

236 2740 335 2796 tamen
362 2753 421 2796 non
451 2739 514 2814 ipsa
535 2735 689 2796 uoluntate
712 2733 749 2794 ad
772 2735 962 2798 scribendum
990 2735 1144 2796 inductum
1169 2753 1234 2796 esse
1259 2753 1294 2796 ex
1319 2737 1384 2796 eius

235 2831 334 2892 indole
360 2852 415 2910 per
444 2853 475 2892 se
504 2841 626 2912 apparet
648 2835 771 2908 (casco.
791 2835 862 2896 Lttt.
884 2835 903 2896 l
924 2835 1072 2916 965pr
1104 2835 1156 2894 sed
1191 2853 1264 2912 quae
1296 2853 1383 2894 causa

235 2931 327 2992 tuerit
354 2931 535 3010 dubitamus,
565 2953 633 2994 nam
659 2953 699 2994 ne
726 2931 763 2994 de
786 2937 969 3012 argumentis
996 2933 1114 3012 quidem
1137 2933 1384 3012 inscriptionibus

235 3039 318 3090 certo
350 3030 505 3110 docemur,
536 3051 661 3110 quarum
692 3031 739 3092 iila
768 3051 873 3111 parunt
902 3041 1036 3092 accurate
1067 3051 1132 3094 esse
1161 3031 1238 3092 diota
1264 3031 1384 3092 uidetur

235 3163 277 3171 ψ
297 3131 364 3210 quis
389 3131 467 3192 enim
491 3151 560 3192 eum
583 3151 636 3192 sua
659 3129 803 3210 colloquia
828 3133 956 3210 postoris
975 3131 1135 3192 tradidisse
1153 3129 1325 3210 putauerit?
1340 3165 1383 3172 w

235 3227 308 3288 baec
336 3247 441 3306 parum
468 3233 601 3312 proprie3
630 3233 728 3310 itaque
757 3231 925 3308 proximum
951 3231 1007 3288 tuit
1030 3229 1066 3290 de
1089 3231 1312 3290 commentariis
1335 3229 1384 3290 uel

235 3325 476 3406 ephemeridibus
500 3331 689 3408 imperatoris
711 3331 811 3388 minus
836 3327 913 3390 docti
943 3331 1079 3408 cogitare.

592 3633 765 3706 antuus
793 3633 1024 3706 biblianus

326 3795 427 3854 Simile
451 3796 475 3852 is
500 3795 658 3854 ‹zairasilium
681 3804 769 3874 atque
792 3795 988 3876 Capitolinus,
1018 3815 1085 3856 cum
1110 3795 1145 3856 ad
1170 3799 1381 3874 imperatorum

233 3895 312 3954 uitas
348 3891 567 3972 componendas
603 3895 728 3972 rediret,
767 3895 801 3954 ab
839 3897 1017 3974 imperatore
1053 3893 1244 3954 Constantino
1280 3897 1381 3956 iussus

234 4000 362 4072 ceperat,
383 4011 451 4052 cuna
469 3999 502 4051 ut
521 3991 571 4052 iile
589 3992 799 4073 Herodianum,
821 3995 862 4052 sic
885 3989 1018 4054 ‘Graeca’
1037 3995 1070 4054 in
1089 3993 1224 4054 Latinum
1250 4001 1383 4054 uerteret

234 4098 266 4150 et
291 4090 460 4170 complures
486 4093 692 4171 imperatores⁷
719 4095 746 4152 si
773 4095 896 4154 materia
925 4095 1124 4170 permitteret,
1148 4091 1273 4170 singulis
1296 4091 1382 4152 libris

234 4191 436 4266 coniungeret.
482 4191 610 4266 scriptor
642 4191 733 4268 igitur
766 4193 822 4252 tuit
852 4191 978 4270 aulicus,
1014 4191 1137 4250 tortasse
1169 4189 1249 4250 idem
1281 4193 1332 4268 qui
1366 4209 1380 4248 a

234 4287 358 4368 vopisco
381 4287 490 4349 Fabius
514 4287 697 4368 dorylitanus
719 4293 898 4350 norniuatur,
936 4289 1028 4350 solum
1057 4291 1261 4350 testimonium
1285 4287 1322 4350 de
1346 4307 1381 4348 eo

233 4387 289 4446 hoc
314 4395 370 4448 est:
404 4389 567 4464 Capitottot
585 4389 712 4449 abnatat
727 4389 790 4465 1,]
826 4391 871 4450 Ne
887 4389 1081 4470 soctt'dtocom
1104 4395 1182 4450 esset
1206 4391 1383 4450 clementiae
