<?xml version="1.0" encoding="UTF-8"?>
<!DOCTYPE html PUBLIC "-//W3C//DTD XHTML 1.0 Transitional//EN"
    "http://www.w3.org/TR/xhtml1/DTD/xhtml1-transitional.dtd">
<html xmlns="http://www.w3.org/1999/xhtml" xml:lang="en" lang="en">
 <head>
  <title>
</title>
<meta http-equiv="Content-Type" content="text/html;charset=utf-8" />
  <meta name='ocr-system' content='tesseract 3.04.00' />
  <meta name='ocr-capabilities' content='ocr_page ocr_carea ocr_par ocr_line ocrx_word'/>
</head>
<body>
  <div class='ocr_page' id='page_1' title='image "./historicorumrom03petegoog_0205.png"; bbox 0 0 3234 4950; ppageno 0'>
   <div class='ocr_carea' id='block_1_1' title="bbox 294 442 1395 501">
    <p class='ocr_par' dir='ltr' id='par_1_1' title="bbox 294 442 1395 501">
     <span class='ocr_line' id='line_1_1' title="bbox 294 442 1395 501; baseline -0.004 -2"><span class='ocrx_word' id='word_1_1' title='bbox 294 446 397 499; x_wconf 71' lang='lat' dir='ltr'>ntor.</span> <span class='ocrx_word' id='word_1_2' title='bbox 413 446 438 497; x_wconf 77' lang='lat' dir='ltr'>A</span> <span class='ocrx_word' id='word_1_3' title='bbox 452 446 556 499; x_wconf 80' lang='lat' dir='ltr'>TREB.</span> <span class='ocrx_word' id='word_1_4' title='bbox 572 442 753 497; x_wconf 86' lang='lat' dir='ltr'>POLLIONE</span> <span class='ocrx_word' id='word_1_5' title='bbox 772 444 821 497; x_wconf 80' lang='lat' dir='ltr'>Er</span> <span class='ocrx_word' id='word_1_6' title='bbox 838 444 892 497; x_wconf 83' lang='lat' dir='ltr'>FL.</span> <span class='ocrx_word' id='word_1_7' title='bbox 907 444 1061 501; x_wconf 74' lang='lat' dir='ltr'>vopisco</span> <span class='ocrx_word' id='word_1_8' title='bbox 1078 446 1169 501; x_wconf 85' lang='lat' dir='ltr'>Non.</span> <span class='ocrx_word' id='word_1_9' title='bbox 1202 450 1395 497; x_wconf 75' lang='lat' dir='ltr'>CLXXXXVII</span> 
     </span>
    </p>
   </div>
   <div class='ocr_carea' id='block_1_2' title="bbox 233 613 1390 2564">
    <p class='ocr_par' dir='ltr' id='par_1_2' title="bbox 236 613 1390 1681">
     <span class='ocr_line' id='line_1_2' title="bbox 241 613 1389 695; baseline -0.002 -20"><span class='ocrx_word' id='word_1_10' title='bbox 241 616 321 675; x_wconf 89' lang='lat' dir='ltr'>disse</span> <span class='ocrx_word' id='word_1_11' title='bbox 339 620 454 673; x_wconf 86' lang='lat' dir='ltr'>constat</span> <span class='ocrx_word' id='word_1_12' title='bbox 469 614 614 687; x_wconf 81' lang='lat' dir='ltr'>(Illueller</span> <span class='ocrx_word' id='word_1_13' title='bbox 630 614 680 673; x_wconf 80' lang='lat' dir='ltr'>Pr.</span> <span class='ocrx_word' id='word_1_14' title='bbox 696 614 731 671; x_wconf 88' lang='lat' dir='ltr'>II.</span> <span class='ocrx_word' id='word_1_15' title='bbox 753 614 803 671; x_wconf 83' lang='lat' dir='ltr'>Gr.</span> <span class='ocrx_word' id='word_1_16' title='bbox 819 614 877 673; x_wconf 90' lang='lat' dir='ltr'>III</span> <span class='ocrx_word' id='word_1_17' title='bbox 883 632 917 689; x_wconf 83' lang='lat' dir='ltr'>p.</span> <span class='ocrx_word' id='word_1_18' title='bbox 935 613 1000 673; x_wconf 75' lang='lat'>586</span> <span class='ocrx_word' id='word_1_19' title='bbox 1013 617 1099 691; x_wconf 72' lang='lat' dir='ltr'>sqq),</span> <span class='ocrx_word' id='word_1_20' title='bbox 1121 616 1204 674; x_wconf 87' lang='lat' dir='ltr'>cuius</span> <span class='ocrx_word' id='word_1_21' title='bbox 1224 614 1389 695; x_wconf 82' lang='lat' dir='ltr'>exemplum</span> 
     </span>
     <span class='ocr_line' id='line_1_3' title="bbox 239 710 1390 789; baseline 0 -16"><span class='ocrx_word' id='word_1_22' title='bbox 239 716 372 773; x_wconf 88' lang='lat' dir='ltr'>imitatus</span> <span class='ocrx_word' id='word_1_23' title='bbox 395 710 513 773; x_wconf 73' lang='lat' dir='ltr'>Asinius</span> <span class='ocrx_word' id='word_1_24' title='bbox 536 710 648 789; x_wconf 89' lang='lat' dir='ltr'>hahuit,</span> <span class='ocrx_word' id='word_1_25' title='bbox 674 728 726 771; x_wconf 87' lang='lat' dir='ltr'>cur</span> <span class='ocrx_word' id='word_1_26' title='bbox 751 714 924 771; x_wconf 76' lang='lat' dir='ltr'>memoriam</span> <span class='ocrx_word' id='word_1_27' title='bbox 948 710 1067 773; x_wconf 85' lang='lat' dir='ltr'>illorum</span> <span class='ocrx_word' id='word_1_28' title='bbox 1088 710 1237 773; x_wconf 87' lang='lat' dir='ltr'>bellorum</span> <span class='ocrx_word' id='word_1_29' title='bbox 1260 712 1390 773; x_wconf 86' lang='lat' dir='ltr'>redinte-</span> 
     </span>
     <span class='ocr_line' id='line_1_4' title="bbox 239 806 1390 891; baseline 0 -20"><span class='ocrx_word' id='word_1_30' title='bbox 239 818 338 891; x_wconf 83' lang='lat' dir='ltr'>graret</span> <span class='ocrx_word' id='word_1_31' title='bbox 356 818 573 889; x_wconf 89' lang='lat' dir='ltr'>patronumque</span> <span class='ocrx_word' id='word_1_32' title='bbox 593 828 680 869; x_wconf 87' lang='lat' dir='ltr'>suum</span> <span class='ocrx_word' id='word_1_33' title='bbox 700 808 905 887; x_wconf 76' lang='lat' dir='ltr'>Alexandrum,</span> <span class='ocrx_word' id='word_1_34' title='bbox 928 830 995 869; x_wconf 90' lang='lat' dir='ltr'>cum</span> <span class='ocrx_word' id='word_1_35' title='bbox 1013 829 1038 869; x_wconf 85' lang='lat' dir='ltr'>a.</span> <span class='ocrx_word' id='word_1_36' title='bbox 1056 806 1120 869; x_wconf 81' lang='grc'>232</span> <span class='ocrx_word' id='word_1_37' title='bbox 1139 818 1170 869; x_wconf 87' lang='lat' dir='ltr'>ot</span> <span class='ocrx_word' id='word_1_38' title='bbox 1187 806 1390 873; x_wconf 66' lang='lat' dir='ltr'>tetrarchus</span> 
     </span>
     <span class='ocr_line' id='line_1_5' title="bbox 239 904 1388 989; baseline 0 -18"><span class='ocrx_word' id='word_1_39' title='bbox 239 904 474 989; x_wconf 71' lang='lat' dir='ltr'>‘gloriosissime’</span> <span class='ocrx_word' id='word_1_40' title='bbox 497 910 618 969; x_wconf 87' lang='lat' dir='ltr'>uicisset</span> <span class='ocrx_word' id='word_1_41' title='bbox 638 910 776 983; x_wconf 85' lang='lat' dir='ltr'>(Eutrop.</span> <span class='ocrx_word' id='word_1_42' title='bbox 796 909 879 971; x_wconf 84' lang='lat' dir='ltr'><em>VIII</em></span> <span class='ocrx_word' id='word_1_43' title='bbox 890 908 958 987; x_wconf 74' lang='lat'>23),</span> <span class='ocrx_word' id='word_1_44' title='bbox 982 910 1064 969; x_wconf 80' lang='lat' dir='ltr'>iuxta</span> <span class='ocrx_word' id='word_1_45' title='bbox 1085 908 1150 969; x_wconf 91' lang='lat' dir='ltr'>illos</span> <span class='ocrx_word' id='word_1_46' title='bbox 1175 917 1309 989; x_wconf 84' lang='lat' dir='ltr'>poneret,</span> <span class='ocrx_word' id='word_1_47' title='bbox 1331 932 1388 989; x_wconf 86' lang='lat' dir='ltr'>qua</span> 
     </span>
     <span class='ocr_line' id='line_1_6' title="bbox 239 1006 1389 1089; baseline -0.002 -20"><span class='ocrx_word' id='word_1_48' title='bbox 239 1008 358 1089; x_wconf 88' lang='lat' dir='ltr'>quidem</span> <span class='ocrx_word' id='word_1_49' title='bbox 384 1026 413 1067; x_wconf 88' lang='lat' dir='ltr'>rc</span> <span class='ocrx_word' id='word_1_50' title='bbox 442 1006 535 1067; x_wconf 89' lang='lat' dir='ltr'>denuo</span> <span class='ocrx_word' id='word_1_51' title='bbox 563 1010 626 1067; x_wconf 88' lang='lat' dir='ltr'>eius</span> <span class='ocrx_word' id='word_1_52' title='bbox 649 1008 770 1085; x_wconf 86' lang='lat' dir='ltr'>scriptio</span> <span class='ocrx_word' id='word_1_53' title='bbox 797 1007 832 1067; x_wconf 90' lang='lat' dir='ltr'>ad</span> <span class='ocrx_word' id='word_1_54' title='bbox 855 1006 976 1067; x_wconf 83' lang='lat' dir='ltr'>ultimos</span> <span class='ocrx_word' id='word_1_55' title='bbox 1001 1009 1066 1067; x_wconf 83' lang='lat' dir='ltr'>eius</span> <span class='ocrx_word' id='word_1_56' title='bbox 1087 1008 1276 1085; x_wconf 85' lang='lat' dir='ltr'>imperatoris</span> <span class='ocrx_word' id='word_1_57' title='bbox 1298 1028 1389 1068; x_wconf 80' lang='lat' dir='ltr'>anrios</span> 
     </span>
     <span class='ocr_line' id='line_1_7' title="bbox 239 1106 1388 1169; baseline 0 0"><span class='ocrx_word' id='word_1_58' title='bbox 239 1106 366 1169; x_wconf 79' lang='lat' dir='ltr'><strong>ducitur.</strong></span> <span class='ocrx_word' id='word_1_59' title='bbox 404 1114 535 1167; x_wconf 87' lang='lat' dir='ltr'>ceterum</span> <span class='ocrx_word' id='word_1_60' title='bbox 566 1108 593 1165; x_wconf 92' lang='lat' dir='ltr'>in</span> <span class='ocrx_word' id='word_1_61' title='bbox 624 1106 779 1165; x_wconf 76' lang='lat' dir='ltr'>Alexandri</span> <span class='ocrx_word' id='word_1_62' title='bbox 813 1124 900 1165; x_wconf 90' lang='lat' dir='ltr'>usum</span> <span class='ocrx_word' id='word_1_63' title='bbox 930 1114 1030 1166; x_wconf 86' lang='lat' dir='ltr'>comm</span> <span class='ocrx_word' id='word_1_64' title='bbox 1064 1106 1241 1167; x_wconf 75' lang='lat' dir='ltr'>Alamannos</span> <span class='ocrx_word' id='word_1_65' title='bbox 1268 1106 1388 1169; x_wconf 88' lang='lat' dir='ltr'>Genna-</span> 
     </span>
     <span class='ocr_line' id='line_1_8' title="bbox 237 1202 1389 1285; baseline 0.001 -20"><span class='ocrx_word' id='word_1_66' title='bbox 237 1224 350 1285; x_wconf 86' lang='lat' dir='ltr'>nosque</span> <span class='ocrx_word' id='word_1_67' title='bbox 375 1212 443 1285; x_wconf 90' lang='lat' dir='ltr'>post</span> <span class='ocrx_word' id='word_1_68' title='bbox 464 1204 587 1265; x_wconf 88' lang='lat' dir='ltr'>Parthos</span> <span class='ocrx_word' id='word_1_69' title='bbox 613 1202 832 1283; x_wconf 79' lang='lat' dir='ltr'>expeditionem</span> <span class='ocrx_word' id='word_1_70' title='bbox 855 1208 988 1283; x_wconf 87' lang='lat' dir='ltr'>parantis</span> <span class='ocrx_word' id='word_1_71' title='bbox 1012 1204 1135 1265; x_wconf 72' lang='lat' dir='ltr'>forsitan</span> <span class='ocrx_word' id='word_1_72' title='bbox 1159 1208 1249 1265; x_wconf 81' lang='lat' dir='ltr'>etiarn</span> <span class='ocrx_word' id='word_1_73' title='bbox 1268 1204 1389 1267; x_wconf 86' lang='lat' dir='ltr'>Germa-</span> 
     </span>
     <span class='ocr_line' id='line_1_9' title="bbox 236 1302 1387 1385; baseline 0.002 -22"><span class='ocrx_word' id='word_1_74' title='bbox 236 1306 302 1365; x_wconf 87' lang='lat' dir='ltr'>nica</span> <span class='ocrx_word' id='word_1_75' title='bbox 324 1306 520 1385; x_wconf 77' lang='lat' dir='ltr'>composuerit,</span> <span class='ocrx_word' id='word_1_76' title='bbox 536 1322 662 1383; x_wconf 86' lang='lat' dir='ltr'>qnorum</span> <span class='ocrx_word' id='word_1_77' title='bbox 680 1310 816 1363; x_wconf 87' lang='lat' dir='ltr'>accurata</span> <span class='ocrx_word' id='word_1_78' title='bbox 831 1302 992 1383; x_wconf 71' lang='lat' dir='ltr'>descriptio</span> <span class='ocrx_word' id='word_1_79' title='bbox 1008 1304 1062 1379; x_wconf 82' lang='lat' dir='ltr'>(fr.</span> <span class='ocrx_word' id='word_1_80' title='bbox 1073 1304 1129 1377; x_wconf 80' lang='lat'>10)</span> <span class='ocrx_word' id='word_1_81' title='bbox 1144 1322 1200 1363; x_wconf 85' lang='lat' dir='ltr'>nec</span> <span class='ocrx_word' id='word_1_82' title='bbox 1214 1306 1248 1363; x_wconf 96' lang='lat' dir='ltr'>in</span> <span class='ocrx_word' id='word_1_83' title='bbox 1261 1304 1387 1365; x_wconf 73' lang='lat' dir='ltr'>chiliade</span> 
     </span>
     <span class='ocr_line' id='line_1_10' title="bbox 236 1399 1387 1481; baseline 0 -18"><span class='ocrx_word' id='word_1_84' title='bbox 236 1422 291 1463; x_wconf 86' lang='lat' dir='ltr'>uec</span> <span class='ocrx_word' id='word_1_85' title='bbox 317 1404 345 1463; x_wconf 88' lang='lat' dir='ltr'>in</span> <span class='ocrx_word' id='word_1_86' title='bbox 370 1402 516 1465; x_wconf 80' lang='lat' dir='ltr'>Parthicis</span> <span class='ocrx_word' id='word_1_87' title='bbox 538 1401 636 1463; x_wconf 90' lang='lat' dir='ltr'>locum</span> <span class='ocrx_word' id='word_1_88' title='bbox 654 1399 765 1463; x_wconf 89' lang='lat' dir='ltr'>hahuit.</span> <span class='ocrx_word' id='word_1_89' title='bbox 800 1420 905 1479; x_wconf 86' lang='lat' dir='ltr'>sermo,</span> <span class='ocrx_word' id='word_1_90' title='bbox 926 1404 976 1481; x_wconf 84' lang='lat' dir='ltr'>qui</span> <span class='ocrx_word' id='word_1_91' title='bbox 998 1404 1084 1463; x_wconf 87' lang='lat' dir='ltr'>etiam</span> <span class='ocrx_word' id='word_1_92' title='bbox 1104 1404 1234 1463; x_wconf 91' lang='lat' dir='ltr'>nuncin</span> <span class='ocrx_word' id='word_1_93' title='bbox 1253 1402 1387 1463; x_wconf 88' lang='lat' dir='ltr'>chiliadis</span> 
     </span>
     <span class='ocr_line' id='line_1_11' title="bbox 236 1498 1387 1581; baseline 0 -20"><span class='ocrx_word' id='word_1_94' title='bbox 236 1502 272 1561; x_wconf 74' lang='lat' dir='ltr'>fr,</span> <span class='ocrx_word' id='word_1_95' title='bbox 296 1498 317 1563; x_wconf 85' lang='grc'><strong>2</strong></span> <span class='ocrx_word' id='word_1_96' title='bbox 345 1508 477 1581; x_wconf 87' lang='lat' dir='ltr'>apparet,</span> <span class='ocrx_word' id='word_1_97' title='bbox 517 1502 633 1559; x_wconf 89' lang='lat' dir='ltr'>ionicus</span> <span class='ocrx_word' id='word_1_98' title='bbox 669 1518 741 1561; x_wconf 91' lang='lat' dir='ltr'>num</span> <span class='ocrx_word' id='word_1_99' title='bbox 779 1502 869 1559; x_wconf 88' lang='lat' dir='ltr'>etiarn</span> <span class='ocrx_word' id='word_1_100' title='bbox 904 1502 937 1559; x_wconf 92' lang='lat' dir='ltr'>in</span> <span class='ocrx_word' id='word_1_101' title='bbox 971 1500 1120 1559; x_wconf 85' lang='lat' dir='ltr'>Parthicis</span> <span class='ocrx_word' id='word_1_102' title='bbox 1154 1500 1306 1561; x_wconf 84' lang='lat' dir='ltr'>adhibitus</span> <span class='ocrx_word' id='word_1_103' title='bbox 1339 1504 1387 1580; x_wconf 90' lang='lat' dir='ltr'>sit,</span> 
     </span>
     <span class='ocr_line' id='line_1_12' title="bbox 236 1597 1133 1681; baseline -0.001 -20"><span class='ocrx_word' id='word_1_104' title='bbox 236 1602 384 1681; x_wconf 67' lang='lat' dir='ltr'>nescitum</span> <span class='ocrx_word' id='word_1_105' title='bbox 405 1598 548 1661; x_wconf 79' lang='lat' dir='ltr'>Arrianus</span> <span class='ocrx_word' id='word_1_106' title='bbox 574 1597 695 1679; x_wconf 87' lang='lat' dir='ltr'>quidem</span> <span class='ocrx_word' id='word_1_107' title='bbox 715 1598 750 1659; x_wconf 90' lang='lat' dir='ltr'>in</span> <span class='ocrx_word' id='word_1_108' title='bbox 771 1598 883 1660; x_wconf 90' lang='lat' dir='ltr'>Indicis</span> <span class='ocrx_word' id='word_1_109' title='bbox 905 1616 942 1659; x_wconf 87' lang='lat' dir='ltr'>eo</span> <span class='ocrx_word' id='word_1_110' title='bbox 962 1616 1036 1659; x_wconf 90' lang='lat' dir='ltr'>usus</span> <span class='ocrx_word' id='word_1_111' title='bbox 1062 1606 1133 1660; x_wconf 85' lang='lat' dir='ltr'>erat.</span> 
     </span>
    </p>

    <p class='ocr_par' dir='ltr' id='par_1_3' title="bbox 233 1698 1387 2564">
     <span class='ocr_line' id='line_1_13' title="bbox 326 1698 1385 1779; baseline 0.002 -22"><span class='ocrx_word' id='word_1_112' title='bbox 326 1698 571 1779; x_wconf 83' lang='lat' dir='ltr'>Fragmentorum</span> <span class='ocrx_word' id='word_1_113' title='bbox 592 1700 701 1775; x_wconf 81' lang='lat' dir='ltr'>uiginti</span> <span class='ocrx_word' id='word_1_114' title='bbox 724 1704 865 1777; x_wconf 88' lang='lat' dir='ltr'>quattuor</span> <span class='ocrx_word' id='word_1_115' title='bbox 887 1706 1011 1777; x_wconf 89' lang='lat' dir='ltr'>propter</span> <span class='ocrx_word' id='word_1_116' title='bbox 1032 1698 1229 1777; x_wconf 80' lang='lat' dir='ltr'>geographica</span> <span class='ocrx_word' id='word_1_117' title='bbox 1250 1710 1385 1779; x_wconf 82' lang='lat' dir='ltr'>excerpta</span> 
     </span>
     <span class='ocr_line' id='line_1_14' title="bbox 236 1796 1387 1877; baseline 0 -20"><span class='ocrx_word' id='word_1_118' title='bbox 236 1796 386 1877; x_wconf 88' lang='lat' dir='ltr'>Stephano</span> <span class='ocrx_word' id='word_1_119' title='bbox 408 1796 546 1877; x_wconf 74' lang='lat' dir='ltr'>Byzantio</span> <span class='ocrx_word' id='word_1_120' title='bbox 573 1796 713 1857; x_wconf 87' lang='lat' dir='ltr'>chiliados</span> <span class='ocrx_word' id='word_1_121' title='bbox 737 1796 784 1855; x_wconf 92' lang='lat' dir='ltr'>uel</span> <span class='ocrx_word' id='word_1_122' title='bbox 811 1796 1000 1857; x_wconf 86' lang='lat' dir='ltr'>chiliarchias</span> <span class='ocrx_word' id='word_1_123' title='bbox 1021 1796 1132 1857; x_wconf 87' lang='lat' dir='ltr'>librum</span> <span class='ocrx_word' id='word_1_124' title='bbox 1149 1806 1288 1877; x_wconf 84' lang='lat' dir='ltr'>quartum</span> <span class='ocrx_word' id='word_1_125' title='bbox 1310 1798 1387 1859; x_wconf 89' lang='lat' dir='ltr'>deci-</span> 
     </span>
     <span class='ocr_line' id='line_1_15' title="bbox 234 1893 1385 1976; baseline -0.002 -19"><span class='ocrx_word' id='word_1_126' title='bbox 234 1916 331 1973; x_wconf 89' lang='lat' dir='ltr'>mum,</span> <span class='ocrx_word' id='word_1_127' title='bbox 357 1896 563 1957; x_wconf 79' lang='lat' dir='ltr'>Parthinorum</span> <span class='ocrx_word' id='word_1_128' title='bbox 585 1912 696 1955; x_wconf 89' lang='lat' dir='ltr'>nonum</span> <span class='ocrx_word' id='word_1_129' title='bbox 720 1898 826 1955; x_wconf 84' lang='lat' dir='ltr'>citanti</span> <span class='ocrx_word' id='word_1_130' title='bbox 848 1893 1007 1973; x_wconf 84' lang='lat' dir='ltr'>debemus,</span> <span class='ocrx_word' id='word_1_131' title='bbox 1029 1894 1179 1973; x_wconf 82' lang='lat' dir='ltr'>adquam</span> <span class='ocrx_word' id='word_1_132' title='bbox 1200 1898 1305 1957; x_wconf 90' lang='lat' dir='ltr'>nescio</span> <span class='ocrx_word' id='word_1_133' title='bbox 1327 1916 1385 1976; x_wconf 78' lang='lat' dir='ltr'>qno</span> 
     </span>
     <span class='ocr_line' id='line_1_16' title="bbox 235 1993 1385 2075; baseline 0.002 -22"><span class='ocrx_word' id='word_1_134' title='bbox 235 1998 300 2057; x_wconf 90' lang='lat' dir='ltr'>riuo</span> <span class='ocrx_word' id='word_1_135' title='bbox 326 1994 488 2075; x_wconf 79' lang='lat' dir='ltr'>fragmenta</span> <span class='ocrx_word' id='word_1_136' title='bbox 513 1994 715 2055; x_wconf 79' lang='lat' dir='ltr'>Parthinorum</span> <span class='ocrx_word' id='word_1_137' title='bbox 741 1994 866 2053; x_wconf 78' lang='lat' dir='ltr'>sortasse</span> <span class='ocrx_word' id='word_1_138' title='bbox 890 2012 957 2053; x_wconf 91' lang='lat' dir='ltr'>cum</span> <span class='ocrx_word' id='word_1_139' title='bbox 981 1994 1105 2054; x_wconf 87' lang='lat' dir='ltr'>Arriano</span> <span class='ocrx_word' id='word_1_140' title='bbox 1131 1994 1264 2073; x_wconf 88' lang='lat' dir='ltr'>copulata</span> <span class='ocrx_word' id='word_1_141' title='bbox 1292 1993 1385 2056; x_wconf 87' lang='lat' dir='ltr'>delata</span> 
     </span>
     <span class='ocr_line' id='line_1_17' title="bbox 234 2086 1385 2176; baseline 0 -23"><span class='ocrx_word' id='word_1_142' title='bbox 234 2096 303 2173; x_wconf 89' lang='lat' dir='ltr'>sint,</span> <span class='ocrx_word' id='word_1_143' title='bbox 329 2090 444 2171; x_wconf 83' lang='lat' dir='ltr'>singula</span> <span class='ocrx_word' id='word_1_144' title='bbox 461 2090 610 2173; x_wconf 88' lang='lat' dir='ltr'>lliphilinu</span> <span class='ocrx_word' id='word_1_145' title='bbox 637 2094 691 2169; x_wconf 78' lang='lat' dir='ltr'>(fr.</span> <span class='ocrx_word' id='word_1_146' title='bbox 710 2090 755 2171; x_wconf 81' lang='grc'>8),</span> <span class='ocrx_word' id='word_1_147' title='bbox 779 2092 895 2153; x_wconf 83' lang='lat' dir='ltr'>Zosimo</span> <span class='ocrx_word' id='word_1_148' title='bbox 920 2094 979 2171; x_wconf 77' lang='lat'>(9),</span> <span class='ocrx_word' id='word_1_149' title='bbox 1004 2090 1142 2171; x_wconf 75' lang='lat' dir='ltr'>Agathino</span> <span class='ocrx_word' id='word_1_150' title='bbox 1166 2086 1282 2176; x_wconf 64' lang='lat' dir='ltr'>(lost),</span> <span class='ocrx_word' id='word_1_151' title='bbox 1307 2092 1385 2153; x_wconf 82' lang='lat' dir='ltr'>unda</span> 
     </span>
     <span class='ocr_line' id='line_1_18' title="bbox 234 2190 1385 2271; baseline 0 -20"><span class='ocrx_word' id='word_1_152' title='bbox 234 2192 313 2271; x_wconf 91' lang='lat' dir='ltr'>apud</span> <span class='ocrx_word' id='word_1_153' title='bbox 336 2190 513 2271; x_wconf 79' lang='lat' dir='ltr'>Byzantinos</span> <span class='ocrx_word' id='word_1_154' title='bbox 539 2192 592 2251; x_wconf 90' lang='lat' dir='ltr'>hos</span> <span class='ocrx_word' id='word_1_155' title='bbox 622 2192 712 2251; x_wconf 90' lang='lat' dir='ltr'>lihros</span> <span class='ocrx_word' id='word_1_156' title='bbox 743 2192 791 2251; x_wconf 92' lang='lat' dir='ltr'>diu</span> <span class='ocrx_word' id='word_1_157' title='bbox 818 2198 951 2251; x_wconf 84' lang='lat' dir='ltr'>seruatos</span> <span class='ocrx_word' id='word_1_158' title='bbox 974 2199 1006 2249; x_wconf 91' lang='lat' dir='ltr'>et</span> <span class='ocrx_word' id='word_1_159' title='bbox 1028 2200 1185 2271; x_wconf 82' lang='lat' dir='ltr'>excerptos</span> <span class='ocrx_word' id='word_1_160' title='bbox 1208 2210 1273 2253; x_wconf 86' lang='lat' dir='ltr'>esse</span> <span class='ocrx_word' id='word_1_161' title='bbox 1298 2192 1385 2251; x_wconf 85' lang='lat' dir='ltr'>intel·</span> 
     </span>
     <span class='ocr_line' id='line_1_19' title="bbox 233 2288 1385 2369; baseline 0.002 -20"><span class='ocrx_word' id='word_1_162' title='bbox 233 2288 374 2369; x_wconf 83' lang='lat' dir='ltr'>legimus,</span> <span class='ocrx_word' id='word_1_163' title='bbox 406 2296 470 2351; x_wconf 92' lang='lat' dir='ltr'>tum</span> <span class='ocrx_word' id='word_1_164' title='bbox 504 2288 666 2369; x_wconf 84' lang='lat' dir='ltr'>Capitolino</span> <span class='ocrx_word' id='word_1_165' title='bbox 693 2290 763 2363; x_wconf 74' lang='lat'><em>(30)</em></span> <span class='ocrx_word' id='word_1_166' title='bbox 792 2297 824 2349; x_wconf 85' lang='lat' dir='ltr'>et</span> <span class='ocrx_word' id='word_1_167' title='bbox 844 2288 983 2351; x_wconf 86' lang='lat' dir='ltr'>Vulcacio</span> <span class='ocrx_word' id='word_1_168' title='bbox 1012 2288 1161 2351; x_wconf 83' lang='lat' dir='ltr'>Gallicano</span> <span class='ocrx_word' id='word_1_169' title='bbox 1187 2290 1271 2369; x_wconf 81' lang='lat'><em>(31),</em></span> <span class='ocrx_word' id='word_1_170' title='bbox 1301 2294 1385 2351; x_wconf 87' lang='lat' dir='ltr'>cuius</span> 
     </span>
     <span class='ocr_line' id='line_1_20' title="bbox 234 2386 1384 2467; baseline 0 -20"><span class='ocrx_word' id='word_1_171' title='bbox 234 2396 334 2449; x_wconf 89' lang='lat' dir='ltr'>tamen</span> <span class='ocrx_word' id='word_1_172' title='bbox 357 2390 556 2467; x_wconf 68' lang='lat' dir='ltr'>Fragmentum</span> <span class='ocrx_word' id='word_1_173' title='bbox 579 2408 650 2447; x_wconf 91' lang='lat' dir='ltr'>num</span> <span class='ocrx_word' id='word_1_174' title='bbox 676 2408 708 2449; x_wconf 84' lang='lat' dir='ltr'>ex</span> <span class='ocrx_word' id='word_1_175' title='bbox 734 2390 798 2467; x_wconf 89' lang='lat' dir='ltr'>ipso</span> <span class='ocrx_word' id='word_1_176' title='bbox 820 2386 967 2458; x_wconf 81' lang='lat' dir='ltr'>Quadrato</span> <span class='ocrx_word' id='word_1_177' title='bbox 988 2390 1133 2465; x_wconf 80' lang='lat' dir='ltr'>originem</span> <span class='ocrx_word' id='word_1_178' title='bbox 1154 2388 1244 2449; x_wconf 89' lang='lat' dir='ltr'>ducat</span> <span class='ocrx_word' id='word_1_179' title='bbox 1262 2386 1384 2449; x_wconf 83' lang='lat' dir='ltr'>dubium</span> 
     </span>
     <span class='ocr_line' id='line_1_21' title="bbox 234 2487 767 2564; baseline 0.002 -17"><span class='ocrx_word' id='word_1_180' title='bbox 234 2495 280 2548; x_wconf 89' lang='lat' dir='ltr'>est</span> <span class='ocrx_word' id='word_1_181' title='bbox 304 2489 410 2562; x_wconf 75' lang='lat' dir='ltr'>(Illelrs</span> <span class='ocrx_word' id='word_1_182' title='bbox 434 2507 470 2548; x_wconf 85' lang='lat' dir='ltr'>rn.</span> <span class='ocrx_word' id='word_1_183' title='bbox 491 2489 548 2550; x_wconf 76' lang='lat' dir='ltr'>Itu.</span> <span class='ocrx_word' id='word_1_184' title='bbox 571 2487 612 2548; x_wconf 74' lang='lat'>43</span> <span class='ocrx_word' id='word_1_185' title='bbox 630 2507 662 2564; x_wconf 81' lang='lat' dir='ltr'>p.</span> <span class='ocrx_word' id='word_1_186' title='bbox 679 2487 767 2562; x_wconf 83' lang='lat'><em>339).</em></span> 
     </span>
    </p>
   </div>
   <div class='ocr_carea' id='block_1_3' title="bbox 231 2979 1382 3198">
    <p class='ocr_par' dir='ltr' id='par_1_4' title="bbox 231 2979 1382 3198">
     <span class='ocr_line' id='line_1_22' title="bbox 231 2979 1382 3056; baseline 0.001 -2"><span class='ocrx_word' id='word_1_187' title='bbox 231 2979 478 3054; x_wconf 71' lang='lat' dir='ltr'>atdrusun</span> <span class='ocrx_word' id='word_1_188' title='bbox 507 2981 537 3054; x_wconf 77' lang='grc' dir='ltr'>Α</span> <span class='ocrx_word' id='word_1_189' title='bbox 563 2979 830 3054; x_wconf 77' lang='lat' dir='ltr'>ruussuttlo</span> <span class='ocrx_word' id='word_1_190' title='bbox 857 2979 1093 3054; x_wconf 70' lang='lat' dir='ltr'>Ponticuli</span> <span class='ocrx_word' id='word_1_191' title='bbox 1125 2979 1186 3052; x_wconf 81' lang='grc' dir='ltr'>ΕΤ</span> <span class='ocrx_word' id='word_1_192' title='bbox 1213 2981 1382 3056; x_wconf 73' lang='lat' dir='ltr'>ruttulo</span> 
     </span>
     <span class='ocr_line' id='line_1_23' title="bbox 553 3109 1061 3198; baseline 0 -12"><span class='ocrx_word' id='word_1_193' title='bbox 553 3115 747 3188; x_wconf 71' lang='lat' dir='ltr'>vopisco</span> <span class='ocrx_word' id='word_1_194' title='bbox 780 3109 1061 3198; x_wconf 56' lang='lat' dir='ltr'>montmarin</span> 
     </span>
    </p>
   </div>
   <div class='ocr_carea' id='block_1_4' title="bbox 229 3293 1383 4166">
    <p class='ocr_par' dir='ltr' id='par_1_5' title="bbox 229 3293 1383 4166">
     <span class='ocr_line' id='line_1_24' title="bbox 323 3293 1383 3376; baseline 0.002 -20"><span class='ocrx_word' id='word_1_195' title='bbox 323 3295 492 3376; x_wconf 87' lang='lat' dir='ltr'>Opportune</span> <span class='ocrx_word' id='word_1_196' title='bbox 527 3293 648 3374; x_wconf 88' lang='lat' dir='ltr'>accidit,</span> <span class='ocrx_word' id='word_1_197' title='bbox 675 3303 708 3356; x_wconf 94' lang='lat' dir='ltr'>ut</span> <span class='ocrx_word' id='word_1_198' title='bbox 740 3297 793 3354; x_wconf 88' lang='lat' dir='ltr'>hos</span> <span class='ocrx_word' id='word_1_199' title='bbox 824 3297 984 3372; x_wconf 87' lang='lat' dir='ltr'>scriptores</span> <span class='ocrx_word' id='word_1_200' title='bbox 1014 3297 1195 3374; x_wconf 75' lang='lat' dir='ltr'>coniungere</span> <span class='ocrx_word' id='word_1_201' title='bbox 1223 3299 1383 3376; x_wconf 88' lang='lat' dir='ltr'>possimus,</span> 
     </span>
     <span class='ocr_line' id='line_1_25' title="bbox 231 3392 1382 3474; baseline 0 -18"><span class='ocrx_word' id='word_1_202' title='bbox 231 3415 299 3456; x_wconf 88' lang='lat' dir='ltr'>cum</span> <span class='ocrx_word' id='word_1_203' title='bbox 329 3413 384 3456; x_wconf 87' lang='lat' dir='ltr'>nee</span> <span class='ocrx_word' id='word_1_204' title='bbox 412 3395 507 3454; x_wconf 88' lang='lat' dir='ltr'>series</span> <span class='ocrx_word' id='word_1_205' title='bbox 533 3393 640 3455; x_wconf 86' lang='lat' dir='ltr'>harum</span> <span class='ocrx_word' id='word_1_206' title='bbox 662 3393 857 3472; x_wconf 84' lang='lat' dir='ltr'>reliquiarum</span> <span class='ocrx_word' id='word_1_207' title='bbox 882 3392 964 3454; x_wconf 87' lang='lat' dir='ltr'>lihris</span> <span class='ocrx_word' id='word_1_208' title='bbox 992 3393 1077 3474; x_wconf 90' lang='lat' dir='ltr'>alius,</span> <span class='ocrx_word' id='word_1_209' title='bbox 1099 3397 1151 3474; x_wconf 84' lang='lat' dir='ltr'>qni</span> <span class='ocrx_word' id='word_1_210' title='bbox 1174 3397 1206 3455; x_wconf 92' lang='lat' dir='ltr'>in</span> <span class='ocrx_word' id='word_1_211' title='bbox 1227 3395 1283 3456; x_wconf 88' lang='lat' dir='ltr'>hoo</span> <span class='ocrx_word' id='word_1_212' title='bbox 1308 3405 1382 3456; x_wconf 87' lang='lat' dir='ltr'>tem·</span> 
     </span>
     <span class='ocr_line' id='line_1_26' title="bbox 230 3485 1381 3578; baseline -0.001 -22"><span class='ocrx_word' id='word_1_213' title='bbox 230 3495 312 3572; x_wconf 91' lang='lat' dir='ltr'>poris</span> <span class='ocrx_word' id='word_1_214' title='bbox 342 3495 435 3572; x_wconf 88' lang='lat' dir='ltr'>spatio</span> <span class='ocrx_word' id='word_1_215' title='bbox 465 3485 495 3574; x_wconf 83' lang='lat' dir='ltr'>(a</span> <span class='ocrx_word' id='word_1_216' title='bbox 516 3491 666 3552; x_wconf 80' lang='lat' dir='ltr'>Valeriano</span> <span class='ocrx_word' id='word_1_217' title='bbox 698 3511 789 3572; x_wconf 86' lang='lat' dir='ltr'>usque</span> <span class='ocrx_word' id='word_1_218' title='bbox 821 3492 856 3552; x_wconf 92' lang='lat' dir='ltr'>ad</span> <span class='ocrx_word' id='word_1_219' title='bbox 884 3491 1111 3572; x_wconf 81' lang='lat' dir='ltr'>Diocletianum,</span> <span class='ocrx_word' id='word_1_220' title='bbox 1140 3513 1162 3552; x_wconf 90' lang='lat' dir='ltr'>a.</span> <span class='ocrx_word' id='word_1_221' title='bbox 1189 3489 1381 3578; x_wconf 70' lang='lat' dir='ltr'>raa-284)</span> 
     </span>
     <span class='ocr_line' id='line_1_27' title="bbox 230 3591 1381 3672; baseline 0.003 -20"><span class='ocrx_word' id='word_1_222' title='bbox 230 3591 385 3654; x_wconf 90' lang='lat' dir='ltr'>tractando</span> <span class='ocrx_word' id='word_1_223' title='bbox 404 3599 540 3654; x_wconf 86' lang='lat' dir='ltr'>uersatus</span> <span class='ocrx_word' id='word_1_224' title='bbox 561 3593 607 3670; x_wconf 87' lang='lat' dir='ltr'>sit,</span> <span class='ocrx_word' id='word_1_225' title='bbox 628 3593 862 3670; x_wconf 86' lang='lat' dir='ltr'>interrumpatur</span> <span class='ocrx_word' id='word_1_226' title='bbox 883 3599 911 3652; x_wconf 83' lang='lat' dir='ltr'>et</span> <span class='ocrx_word' id='word_1_227' title='bbox 929 3591 1005 3652; x_wconf 83' lang='lat' dir='ltr'>tides</span> <span class='ocrx_word' id='word_1_228' title='bbox 1019 3597 1262 3672; x_wconf 60' lang='lat' dir='ltr'>argumentorum</span> <span class='ocrx_word' id='word_1_229' title='bbox 1275 3593 1381 3654; x_wconf 85' lang='lat' dir='ltr'>eodem</span> 
     </span>
     <span class='ocr_line' id='line_1_28' title="bbox 230 3685 1381 3770; baseline 0.002 -20"><span class='ocrx_word' id='word_1_230' title='bbox 230 3691 294 3754; x_wconf 88' lang='lat' dir='ltr'>loco</span> <span class='ocrx_word' id='word_1_231' title='bbox 324 3685 459 3770; x_wconf 86' lang='lat' dir='ltr'>ponenda</span> <span class='ocrx_word' id='word_1_232' title='bbox 486 3693 533 3750; x_wconf 89' lang='lat' dir='ltr'>sit.</span> <span class='ocrx_word' id='word_1_233' title='bbox 572 3707 641 3750; x_wconf 80' lang='lat' dir='ltr'>nant</span> <span class='ocrx_word' id='word_1_234' title='bbox 664 3691 720 3750; x_wconf 89' lang='lat' dir='ltr'>etsi</span> <span class='ocrx_word' id='word_1_235' title='bbox 743 3707 802 3750; x_wconf 92' lang='lat' dir='ltr'>non</span> <span class='ocrx_word' id='word_1_236' title='bbox 828 3689 940 3768; x_wconf 85' lang='lat' dir='ltr'>dubito,</span> <span class='ocrx_word' id='word_1_237' title='bbox 966 3693 1039 3768; x_wconf 79' lang='lat' dir='ltr'>quin</span> <span class='ocrx_word' id='word_1_238' title='bbox 1067 3693 1227 3770; x_wconf 88' lang='lat' dir='ltr'>scriptores</span> <span class='ocrx_word' id='word_1_239' title='bbox 1252 3693 1381 3755; x_wconf 89' lang='lat' dir='ltr'>nominis</span> 
     </span>
     <span class='ocr_line' id='line_1_29' title="bbox 230 3789 1381 3868; baseline 0 -18"><span class='ocrx_word' id='word_1_240' title='bbox 230 3809 246 3850; x_wconf 87' lang='lat' dir='ltr'>a</span> <span class='ocrx_word' id='word_1_241' title='bbox 266 3789 413 3852; x_wconf 81' lang='lat' dir='ltr'>Trebellio</span> <span class='ocrx_word' id='word_1_242' title='bbox 431 3789 616 3868; x_wconf 85' lang='lat' dir='ltr'>Vopiscoque</span> <span class='ocrx_word' id='word_1_243' title='bbox 641 3789 723 3848; x_wconf 85' lang='lat' dir='ltr'>citati</span> <span class='ocrx_word' id='word_1_244' title='bbox 747 3789 821 3848; x_wconf 92' lang='lat' dir='ltr'>illud</span> <span class='ocrx_word' id='word_1_245' title='bbox 842 3796 961 3866; x_wconf 84' lang='lat' dir='ltr'>tempus</span> <span class='ocrx_word' id='word_1_246' title='bbox 980 3789 1204 3868; x_wconf 84' lang='lat' dir='ltr'>descripserint,</span> <span class='ocrx_word' id='word_1_247' title='bbox 1225 3789 1259 3850; x_wconf 91' lang='lat' dir='ltr'>hi</span> <span class='ocrx_word' id='word_1_248' title='bbox 1279 3798 1381 3852; x_wconf 84' lang='lat' dir='ltr'>tamen</span> 
     </span>
     <span class='ocr_line' id='line_1_30' title="bbox 229 3885 1380 3966; baseline 0.001 -18"><span class='ocrx_word' id='word_1_249' title='bbox 229 3907 288 3950; x_wconf 56' lang='lat' dir='ltr'>‘non</span> <span class='ocrx_word' id='word_1_250' title='bbox 313 3891 403 3950; x_wconf 90' lang='lat' dir='ltr'>ueriti</span> <span class='ocrx_word' id='word_1_251' title='bbox 426 3895 495 3948; x_wconf 90' lang='lat' dir='ltr'>sunt</span> <span class='ocrx_word' id='word_1_252' title='bbox 520 3905 582 3966; x_wconf 88' lang='lat' dir='ltr'>res,</span> <span class='ocrx_word' id='word_1_253' title='bbox 605 3905 678 3966; x_wconf 88' lang='lat' dir='ltr'>quas</span> <span class='ocrx_word' id='word_1_254' title='bbox 704 3885 738 3946; x_wconf 92' lang='lat' dir='ltr'>ad</span> <span class='ocrx_word' id='word_1_255' title='bbox 763 3905 865 3948; x_wconf 86' lang='lat' dir='ltr'>eorum</span> <span class='ocrx_word' id='word_1_256' title='bbox 891 3889 1096 3948; x_wconf 86' lang='lat' dir='ltr'>auctoritatem</span> <span class='ocrx_word' id='word_1_257' title='bbox 1123 3889 1270 3966; x_wconf 77' lang='lat' dir='ltr'>referunt,</span> <span class='ocrx_word' id='word_1_258' title='bbox 1292 3891 1380 3950; x_wconf 83' lang='lat' dir='ltr'>facile</span> 
     </span>
     <span class='ocr_line' id='line_1_31' title="bbox 230 3987 1381 4068; baseline 0 -20"><span class='ocrx_word' id='word_1_259' title='bbox 230 3995 317 4068; x_wconf 88' lang='lat' dir='ltr'>atque</span> <span class='ocrx_word' id='word_1_260' title='bbox 343 3989 430 4048; x_wconf 87' lang='lat' dir='ltr'>etiam</span> <span class='ocrx_word' id='word_1_261' title='bbox 455 3993 566 4048; x_wconf 88' lang='lat' dir='ltr'>temere</span> <span class='ocrx_word' id='word_1_262' title='bbox 589 3993 713 4062; x_wconf 88' lang='lat' dir='ltr'>mutare,</span> <span class='ocrx_word' id='word_1_263' title='bbox 735 3995 771 4046; x_wconf 89' lang='lat' dir='ltr'>ut</span> <span class='ocrx_word' id='word_1_264' title='bbox 791 4003 907 4046; x_wconf 88' lang='lat' dir='ltr'>summa</span> <span class='ocrx_word' id='word_1_265' title='bbox 932 3988 1069 4046; x_wconf 85' lang='lat' dir='ltr'>cautione</span> <span class='ocrx_word' id='word_1_266' title='bbox 1090 3987 1123 4046; x_wconf 91' lang='lat' dir='ltr'>in</span> <span class='ocrx_word' id='word_1_267' title='bbox 1142 3989 1187 4046; x_wconf 88' lang='lat' dir='ltr'>eis</span> <span class='ocrx_word' id='word_1_268' title='bbox 1205 3987 1381 4048; x_wconf 84' lang='lat' dir='ltr'>adhibendis</span> 
     </span>
     <span class='ocr_line' id='line_1_32' title="bbox 230 4083 1381 4166; baseline 0 -20"><span class='ocrx_word' id='word_1_269' title='bbox 230 4105 303 4166; x_wconf 92' lang='lat' dir='ltr'>opus</span> <span class='ocrx_word' id='word_1_270' title='bbox 326 4089 362 4146; x_wconf 87' lang='lat' dir='ltr'>sit</span> <span class='ocrx_word' id='word_1_271' title='bbox 378 4089 451 4160; x_wconf 82' lang='lat' dir='ltr'>(Die</span> <span class='ocrx_word' id='word_1_272' title='bbox 466 4085 576 4160; x_wconf 78' lang='lat' dir='ltr'>Srrtpr.</span> <span class='ocrx_word' id='word_1_273' title='bbox 587 4087 612 4146; x_wconf 78' lang='lat' dir='ltr'>lt</span> <span class='ocrx_word' id='word_1_274' title='bbox 626 4087 660 4144; x_wconf 86' lang='grc' dir='ltr'>Α.</span> <span class='ocrx_word' id='word_1_275' title='bbox 668 4083 780 4162; x_wconf 71' lang='grc' dir='ltr'><strong>ρ.238</strong></span> <span class='ocrx_word' id='word_1_276' title='bbox 793 4087 861 4160; x_wconf 70' lang='lat' dir='ltr'>sp).</span> <span class='ocrx_word' id='word_1_277' title='bbox 896 4089 967 4145; x_wconf 90' lang='lat' dir='ltr'>satis</span> <span class='ocrx_word' id='word_1_278' title='bbox 992 4092 1090 4146; x_wconf 90' lang='lat' dir='ltr'>autem</span> <span class='ocrx_word' id='word_1_279' title='bbox 1115 4085 1264 4146; x_wconf 79' lang='lat' dir='ltr'>duxerunt</span> <span class='ocrx_word' id='word_1_280' title='bbox 1286 4089 1381 4147; x_wconf 90' lang='lat' dir='ltr'>semel</span> 
     </span>
    </p>
   </div>
   <div class='ocr_carea' id='block_1_5' title="bbox 230 4227 469 4236">
    <p class='ocr_par' dir='ltr' id='par_1_6' title="bbox 230 4227 469 4236">
     <span class='ocr_line' id='line_1_33' title="bbox 230 4227 469 4236; baseline -0.017 0"><span class='ocrx_word' id='word_1_281' title='bbox 230 4227 469 4236; x_wconf 48' lang='lat' dir='ltr'>nuh-...mmm</span> 
     </span>
    </p>
   </div>
   <div class='ocr_carea' id='block_1_6' title="bbox 228 4309 1377 4544">
    <p class='ocr_par' dir='ltr' id='par_1_7' title="bbox 228 4309 1377 4544">
     <span class='ocr_line' id='line_1_34' title="bbox 321 4309 1377 4380; baseline 0 -16"><span class='ocrx_word' id='word_1_282' title='bbox 321 4313 345 4370; x_wconf 85' lang='grc'>1)</span> <span class='ocrx_word' id='word_1_283' title='bbox 365 4309 472 4366; x_wconf 86' lang='lat' dir='ltr'>Teuffel</span> <span class='ocrx_word' id='word_1_284' title='bbox 491 4311 613 4380; x_wconf 77' lang='lat' dir='ltr'>(Enoyol.</span> <span class='ocrx_word' id='word_1_285' title='bbox 631 4311 684 4364; x_wconf 79' lang='lat'>1²2</span> <span class='ocrx_word' id='word_1_286' title='bbox 705 4329 730 4380; x_wconf 90' lang='lat' dir='ltr'>p.</span> <span class='ocrx_word' id='word_1_287' title='bbox 749 4314 829 4380; x_wconf 86' lang='grc'><strong><em>1868)</em></strong></span> <span class='ocrx_word' id='word_1_288' title='bbox 847 4311 884 4364; x_wconf 87' lang='lat' dir='ltr'>ab</span> <span class='ocrx_word' id='word_1_289' title='bbox 903 4327 936 4364; x_wconf 85' lang='lat' dir='ltr'>eo</span> <span class='ocrx_word' id='word_1_290' title='bbox 955 4311 1027 4366; x_wconf 85' lang='lat' dir='ltr'>falso</span> <span class='ocrx_word' id='word_1_291' title='bbox 1047 4311 1221 4376; x_wconf 81' lang='lat' dir='ltr'>Quadratum</span> <span class='ocrx_word' id='word_1_292' title='bbox 1244 4329 1294 4380; x_wconf 88' lang='lat' dir='ltr'>pro</span> <span class='ocrx_word' id='word_1_293' title='bbox 1314 4311 1377 4366; x_wconf 86' lang='lat' dir='ltr'>Pol-</span> 
     </span>
     <span class='ocr_line' id='line_1_35' title="bbox 228 4391 648 4462; baseline -0.005 -16"><span class='ocrx_word' id='word_1_294' title='bbox 228 4391 303 4446; x_wconf 85' lang='lat' dir='ltr'>lione</span> <span class='ocrx_word' id='word_1_295' title='bbox 323 4391 447 4462; x_wconf 84' lang='lat' dir='ltr'>positum</span> <span class='ocrx_word' id='word_1_296' title='bbox 467 4407 526 4446; x_wconf 82' lang='lat' dir='ltr'>esse</span> <span class='ocrx_word' id='word_1_297' title='bbox 544 4395 648 4446; x_wconf 81' lang='lat' dir='ltr'>censet.</span> 
     </span>
     <span class='ocr_line' id='line_1_36' title="bbox 320 4471 905 4544; baseline -0.005 -16"><span class='ocrx_word' id='word_1_298' title='bbox 320 4475 346 4544; x_wconf 74' lang='grc'>2)</span> <span class='ocrx_word' id='word_1_299' title='bbox 365 4473 398 4528; x_wconf 93' lang='lat' dir='ltr'>V.</span> <span class='ocrx_word' id='word_1_300' title='bbox 413 4471 583 4528; x_wconf 76' lang='lat' dir='ltr'>Gesohiohtl.</span> <span class='ocrx_word' id='word_1_301' title='bbox 598 4471 695 4528; x_wconf 78' lang='lat' dir='ltr'>Litter.</span> <span class='ocrx_word' id='word_1_302' title='bbox 710 4473 722 4526; x_wconf 88' lang='lat' dir='ltr'>l</span> <span class='ocrx_word' id='word_1_303' title='bbox 740 4491 768 4542; x_wconf 85' lang='lat' dir='ltr'>p.</span> <span class='ocrx_word' id='word_1_304' title='bbox 782 4479 836 4526; x_wconf 77' lang='grc'>438</span> <span class='ocrx_word' id='word_1_305' title='bbox 845 4491 905 4542; x_wconf 81' lang='lat' dir='ltr'>sqq.</span> 
     </span>
    </p>
   </div>
   <div class='ocr_carea' id='block_1_7' title="bbox 0 0 1622 4950">
    <p class='ocr_par' dir='ltr' id='par_1_8' title="bbox 0 0 1622 4950">
     <span class='ocr_line' id='line_1_37' title="bbox 0 0 1622 4950; baseline 0 3"><span class='ocrx_word' id='word_1_306' title='bbox 0 0 1622 4950; x_wconf 95' lang='lat' dir='ltr'> </span> 
     </span>
    </p>
   </div>
  </div>
 </body>
</html>
