3234 4950
252 378 295 441 50
639 376 818 429 Tanusius
837 374 1012 429 eminutus

248 538 418 623 ἐπιβαλεῖν
443 548 514 621 γῆν.
551 538 604 603 καὶ
635 542 672 603 ud
702 540 775 625 περὶ
804 552 870 603 τῶν
899 540 1090 623 ἐλεφάντων
1117 540 1270 624 μυθώδη.
1314 538 1396 624 φησὶ

248 640 310 723 γάρ
340 638 441 701 τάλλα
471 634 532 717 μὲν
563 640 666 721 θηρία
700 640 838 721 φεύγειν
868 640 905 703 τὸ
936 648 1018 720 πῦρ,
1050 641 1130 713 τοὺς
1156 637 1187 703 δ’
1215 636 1397 723 ἐλέφαντας

245 742 402 819 πολεμεῖν
429 734 481 801 καὶ
513 738 714 819 ἀμύνεσθαι,
744 738 831 801 διότι
857 738 917 819 την
951 738 1034 819 ύλην
1065 738 1214 821 φθείρει·
1248 740 1331 816 πρὸς
1359 732 1396 801 δὲ

245 836 325 909 τοὺς
344 832 542 917 ἀνθρώπους
568 836 787 919 διαμάχεσθαι
812 838 1039 911 κατασκόπους
1064 834 1316 918 προπέμποντας
1340 833 1395 897 καὶ

245 932 326 997 ὅταν
350 934 464 997 ίδασιν
488 932 635 1007 ἐκείνους
659 936 810 1019 φεύγειν·
843 930 898 995 καὶ
921 934 1043 1009 αύτούς
1068 934 1203 997 ἐπειδάν
1224 936 1422 1016 τραύματασ

245 1032 402 1113 λάβωσιν,
426 1032 592 1115 ἀκετηρίαν
615 1036 802 1117 προτείνειν
828 1032 970 1107 κλάδους
993 1032 1013 1115 ἢ
1035 1032 1183 1113 βοτάνην
1206 1031 1225 1113 ἢ
1251 1038 1352 1095 κόνιν.

336 1128 365 1193 β.
393 1134 472 1193 Suet.
498 1134 619 1195 βασελ)
654 1134 806 1213 Siquidem
836 1141 904 1193 erite
931 1152 1040 1213 paucos
1072 1134 1146 1211 dies,
1176 1152 1264 1213 quam
1291 1133 1394 1193 aedili-

243 1236 336 1291 tatem
367 1232 460 1293 iniret
492 1230 651 1309 [Cuesur],
684 1236 767 1293 uenit
798 1236 831 1293 in
863 1234 1064 1311 suspicionem
1099 1236 1287 1311 conspirasse
1326 1250 1409 1316 eum⁸

243 1328 280 1389 Μ.
306 1328 411 1389 Crasso
441 1330 601 1407 consulari,
632 1332 703 1391 item
725 1332 756 1391 P.
781 1325 866 1389 Sutia
889 1339 917 1391 et
942 1332 971 1389 L.
992 1331 1135 1391 Autronio
1161 1340 1229 1410 post
1258 1330 1392 1410 designa-

243 1428 354 1487 tionem
375 1428 543 1489 eonsulatus
565 1428 692 1491 ambitus
712 1430 924 1507 condemnatis,
945 1437 976 1490 ut
995 1430 1142 1509 principio
1166 1432 1237 1489 anni
1257 1437 1435 1490 serratum10

244 1526 432 1587 adorirentur
462 1534 490 1587 et
519 1526 672 1587 trucidatis
693 1548 767 1605 quos
789 1530 931 1607 piacitunr
956 1536 1041 1606 esset,
1068 1528 1243 1587 dictaturam
1267 1528 1392 1587 Crassus

242 1626 412 1703 inuaderet,
441 1628 505 1705 ipse
534 1626 570 1685 ab
598 1644 634 1685 eo
660 1628 802 1703 magister
832 1626 963 1705 equitum
994 1626 1144 1685 diceretur
1173 1628 1393 1705 constitutaque

243 1724 280 1783 ad
303 1722 460 1785 arbitrium
484 1724 637 1803 republica
656 1724 754 1785 Sullae
774 1732 802 1785 et
822 1726 964 1785 Autronio
984 1724 1154 1785 consulatus
1175 1728 1391 1785 restitueretur.

241 1820 442 1883 Meminerunt
474 1822 564 1881 huius
595 1824 807 1883 coniurationis
840 1823 987 1883 Tanusius
1020 1822 1162 1883 Geminus
1196 1825 1225 1881 in
1259 1824 1391 1901 historia,

241 1920 358 1981 Marcus
384 1920 506 1981 Bibulus
529 1922 561 1981 in
586 1920 703 2001 edictis,
726 1920 757 1981 C.
778 1920 866 1983 Curio
894 1930 979 2001 pater
1002 1924 1032 1981 in
1057 1920 1250 1981 orationibus.
1269 1958 1312 1965 —-
1335 1920 1390 1981 Ta·
1405 1940 1432 1979 ιε

241 2022 346 2079 nusins
377 2020 466 2079 adicit
495 2018 635 2079 Crassum
661 2022 841 2099 paenitentia
869 2020 917 2079 uei
946 2028 1027 2079 metu
1052 2020 1130 2079 diem
1152 2018 1238 2079 caedi
1262 2020 1390 2079 destina-

241 2124 304 2177 tum
329 2136 388 2203 non
411 2118 511 2177 obisse
534 2126 564 2177 et
587 2118 698 2179 idcirco
721 2136 760 2179 ne
779 2118 935 2179 Caesarem
959 2118 1079 2197 quidem
1102 2120 1229 2195 signum,
1256 2118 1332 2197 ηποό
1353 2118 1390 2177 ab

180 2278 191 2305 Γ
243 2234 277 2277 eo
302 2216 365 2277 dari
391 2226 580 2295 conuenerat,
604 2216 728 2277 dedisse.

168 2292 223 2355 2³-
333 2310 391 2377 3²³³.
415 2318 492 2375 Plut.
518 2316 599 2377 βασι.
620 2316 661 2375 22
697 2312 859 2386 Τανύσιος
884 2312 920 2375 δὲ
945 2310 1029 2393 λέγει
1054 2314 1198 2375 Κάτωνα
1223 2322 1280 2394 της
1311 2314 1390 2393 βου-

241 2414 299 2494 dds
321 2406 370 2474 e'ui
391 2418 429 2494 τη
451 2412 523 2496 νίκη
540 2412 710 2492 [Vsiporum
728 2412 1017 2492 Taurinorumque]
1031 2408 1256 2494 ψηφιζομένης
1274 2410 1389 2496 ἑορτάς
1402 2432 1432 2469 eo

240 2507 294 2572 καλ
319 2511 441 2584 θυσίας
465 2507 703 2594 ἀποφήνασθαι
725 2511 872 2594 γνώμην,
896 2509 941 2586 ὡς
963 2509 1119 2574 ἐκδοτέον
1141 2509 1209 2572 ἐστὶ
1227 2510 1287 2572 τὸν
1309 2513 1388 2572 Καί-

241 2623 326 2692 σαρα
357 2621 426 2682 τοῖς
459 2611 640 2692 βαρβάροις
668 2607 936 2692 ἀφοσιουμένους
957 2608 995 2672 τὸ
1018 2609 1280 2692 παρασπόνδημα
1306 2609 1388 2689 ὑπὲρ

239 2717 295 2788 της
321 2707 445 2782 πόλεας
468 2703 522 2770 καὶ
545 2707 604 2790 τὴν
631 2705 713 2790 ἀράν
738 2707 783 2782 εἰς
808 2707 866 2770 τὸν
890 2713 999 2770 αἱτιον
1020 2705 1208 2791 τρέποντας.

172 1170 226 1235 des

239 2935 307 2988 αὐτὸ
320 2935 369 3004 [stc
379 2935 469 3002 Ne'ese,
484 2935 571 2988 αὐτοῦ
586 2937 673 3006 codd]
686 2935 766 3004 τιμήν
780 2957 810 2990 τε
825 2937 873 2988 καὶ
888 2935 983 3004 φήμην
999 2935 1158 3004 συνηύξησε.
1176 2937 1288 2990 Pecu..
1299 2937 1388 2992 bV2

238 3005 322 3060 Lixos
341 3005 388 3058 uel
407 3007 613 3058 fabulosissime
636 3007 759 3076 antiquis
773 3009 896 3062 narrata.
919 3007 961 3061 ibi
978 3007 1059 3076 regia
1073 3007 1176 3060 Antaei
1191 3010 1388 3076 certamenque

239 3095 301 3130 euru
322 3077 442 3130 Hercule
461 3079 488 3130 ei
507 3079 693 3148 Hesperidum
712 3079 793 3132 horti.
764 3081 861 3147 μίαν
876 3080 1005 3135 ιοβοίίκ
1019 3085 1067 3146 24
1080 3083 1119 3148 3)
1134 3081 1229 3148 Pomp
1247 3079 1388 3134 Μοίαίό

239 3149 328 3220 Tinge
347 3149 481 3218 oppidum
501 3167 562 3218 per
554 3151 634 3204 retus
653 3155 682 3204 et
701 3151 736 3202 ab
758 3153 875 3216 Antaeo,
894 3153 927 3202 ui
946 3151 1046 3218 ferunt,
1068 3151 1220 3204 eonditum.

271 3255 272 3258 =
328 3221 356 3274 3.
378 3223 437 3274 Aut
426 3229 565 3276 tteceeeeru
554 3223 744 3278 tOueruru'c'
732 3241 786 3292 epa
784 3241 823 3277 us
843 3225 904 3276 tes
895 3241 1040 3278 emortuum
1061 3223 1140 3288 ὁμὲν
1154 3227 1265 3289 Καῖσαρ
1280 3223 1312 3275 ἐν
1325 3231 1388 3284 ταῖς

239 3289 392 3386 ἐφημερίσι.
423 3295 463 3358 Of.
479 3295 893 3362 Αμμ.βσίί.ί18μ.ύίίλίιιιά.
914 3293 1076 3361 Οίισιπέται
1096 3293 1183 3354 έθνος
1201 3291 1386 3360 Γερμανικόν

237 3367 286 3418 καὶ
304 3361 444 3454 Ταηχρέαι
459 3367 573 3456 δοκογσι
588 3363 716 3434 πρότεροι
732 3367 877 3455 σφετέροις
890 3367 1020 3420 λππενσιν
1035 3364 1211 3447 ὀκτακοσίοις
1223 3366 1387 3433 τρέψασθαι

236 3445 290 3490 τῶν
307 3433 475 3528 Καίραρος
468 3435 576 3490 ιππέσιν
595 3437 623 3498 ἐς
641 3457 757 3490 recurunt
760 3435 918 3528 ργιλίονς,
906 3457 921 3490 o
942 3439 971 3490 δὲ
993 3441 1102 3527 Καῖσαρ
1123 3439 1217 3498 αὐτοῖς
1236 3439 1385 3526 πρεσβευο-

237 3509 331 3596 μένρις
359 3529 388 3568 ες
415 3507 502 3562 αὐτὸν
528 3507 696 3574 ἐπιθέσθαι,
722 3529 787 3572 τους
816 3507 946 3580 πρέσβεις
971 3511 1144 3596 κατασχών,
1159 3531 1208 3562 και
1236 3512 1266 3562 το
1290 3507 1387 3569 πάθος

238 3577 355 3640 ἐκείνοις
372 3579 398 3642 ἐς
411 3577 487 3640 τέλος
502 3577 691 3668 αἰφνίδιρν
663 3581 733 3636 odem
752 3583 990 3672 σνηενεχθῆναι,
974 3601 1012 3642 ως
1025 3579 1233 3646 τεσσαράκοντα
1247 3578 1388 3648 μυριάδας

237 3651 342 3706 τούτων
366 3659 548 3720 σνγκοπῆναι.
584 3649 704 3706 Κάτωνά
726 3673 757 3706 τε
783 3653 816 3706 ἐν
834 3649 923 3739 Ρώμγγ
951 3661 1008 3706 τῶν
1033 3673 1076 3713 τις
1103 3649 1288 3722 συγγραφέων
1307 3653 1385 3744 φησὶ

236 3725 349 3790 γνώμην
366 3723 519 3792 ἐσενεγκεῖν
534 3723 665 3778 ἐκδσνναι
685 3733 742 3784 coir
762 3723 914 3814 βαρβάροις
932 3724 981 3778 τὸν
996 3721 1154 3790 Καισαρα
1140 3738 1177 3784 ως
1191 3723 1319 3814 έγαγὲς”
1304 3743 1385 3814 εργον

237 3793 265 3854 ἐς
284 3793 589 3886 διαπρεσβευσαμένους
613 3793 812 3888 ἐργασαμενρν.
845 3795 860 3848 d
881 3795 911 3850 δε
932 3795 1079 3861 Καῖσαρ
1067 3815 1096 3849 εν
1120 3805 1181 3856 ταῖς
1203 3794 1329 3856 ἰδίοις’
1315 3817 1385 3849 ανα·

236 3875 360 3934 γραφαῖς
379 3875 433 3920 τῶν
450 3865 625 3934 ἐφημερωι
611 3881 697 3936 εργων
712 3869 781 3934 φησι
795 3871 850 3922 κτλ.
873 3846 1044 3929 Communem
1058 3869 1160 3934 fontem
1173 3869 1259 3934 fuir-se
1272 3869 1387 3922 coniecit

240 3939 357 3992 Ἰλιοκνιι
378 3937 466 4004 (Stud.
482 3939 560 4006 Ltps.
576 3937 596 3988 I
606 3955 637 4006 μ.
653 3943 707 3994 350
716 3945 784 4008 sqq.)
807 3939 835 3994 Ο.
852 3941 980 4008 Oppium,
997 3942 1028 3994 P.
1047 3941 1109 3994 Otto
1125 3939 1280 4006 (Strabonis
1300 3939 1383 4005 ἱστορ.

235 4009 376 4078 ὑπομνημ.
396 4009 430 4076 β.
444 4027 471 4078 γ.
487 4013 543 4062 285
555 4015 622 4078 sqq.)
638 4011 803 4066 Strabonem.
824 4013 958 4066 Pluribus
974 4013 1046 4066 botre
1064 4013 1169 4078 (omum
1184 4011 1304 4078 explieat
1317 4011 1384 4064 Ρία-

235 4081 346 4136 turcbus
363 4081 419 4136 Oet.
431 4081 496 4134 urin.
510 4085 552 4146 51,
567 4085 657 4152 ίαιιηίτ
670 4101 753 4150 οονιμ,
765 4085 828 4138 Ne'c.
840 4089 864 4136 et
880 4085 973 4138 Crassi
981 4088 1008 4150 4,
1017 4089 1160 4152 praeterea
1170 4082 1242 4137 Suet.
1255 4083 1328 4137 Caes.
1338 4087 1383 4136 24.

327 4305 353 4362 5.
379 4299 586 4384 <φεύγοντας>
609 4307 729 4384 φεύγειν
759 4305 807 4366 καὶ
831 4304 950 4383 αὐτούς,
975 4303 1093 4365 ἐπειδάν
1119 4302 1148 4364 δὲ
1172 4307 1252 4380 culp.
1269 4309 1385 4366 secutus

235 4411 300 4452 sum
325 4413 390 4452 euru
411 4395 514 4452 Nursia
537 4393 616 4452 redd.
710 4397 737 4456 6.
762 4395 907 4474 ίαετήριον
931 4397 1001 4455 duct
