3234 4950
682 349 730 402 DE
750 349 837 402 VITA
856 349 925 402 SVA
1335 349 1378 412 57

225 513 307 596 τύχη
329 519 461 600 λαμπρᾷ
479 511 682 598 κεχρημένον
707 511 856 597 ἐπειρᾶτο
883 523 992 596 τιμαῖς
1016 511 1070 576 καὶ
1093 513 1231 596 δωρεαῖς
1260 511 1379 576 ἀποκα-

225 615 296 674 λεῖν
331 611 433 676 αὐτοῦ
465 614 507 674 τά
537 611 763 695 στρατεύματα
789 609 844 676 καί
874 621 1038 694 περισπᾶν
1067 611 1128 692 τὴν
1155 609 1312 692 δύναμιν,
1335 611 1380 684 ώς

224 710 270 792 μὴ
289 709 427 792 δεομένη
449 720 515 774 τών
529 711 841 794 προπολεμούντων,
855 707 1030 774 Ἀντωνίου
1050 711 1255 792 πεφευγότος
1274 707 1380 784 οὕτως

226 807 244 870 ὁ
272 809 403 889 Καῖσαρ
431 809 594 890 φοβηθεὶς
626 807 792 892 ὑπέπεμπε
828 817 871 896 τῷ
897 805 1063 894 Κικέρωνι
1091 807 1169 882 τοὺς
1201 805 1380 888 δεομένους

201 907 282 968 ικαὶ
303 911 483 981 πείθοντας
507 909 666 970 ὑπατείαν
690 904 751 988 μὲν
774 905 974 992 ἀμφοτέροις
1000 905 1082 988 ὁμοῦ
1106 903 1276 988 πράττειν,
1302 915 1378 990 χρῆ-

227 1011 309 1068 σθαι
330 1002 364 1068 δὲ
385 1017 454 1080 τοῖς
470 1005 670 1087 πράγμασιν,
691 1005 778 1080 ὅπως
800 1007 901 1082 αὑτὸς
926 1001 1059 1086 ἔγνωκε,
1079 1003 1380 1088 παραλαμβάνοντα

226 1103 287 1184 τὴν
320 1103 424 1188 ἀρχὴν
457 1101 513 1166 καὶ
542 1105 581 1168 τὸ
606 1105 783 1187 μειράκιον
819 1107 959 1170 διοικεῖν
993 1103 1151 1184 ὀνόματος
1190 1099 1244 1164 καὶ
1281 1101 1380 1182 δόξης

227 1203 430 1284 γλιχόμενον.
465 1203 628 1284 ὡμολόγει
652 1203 690 1266 δὲ
707 1205 838 1288 Καῖσαρ
866 1203 972 1282 αὑτός,
999 1203 1041 1276 ὡς
1063 1201 1180 1276 δεδιώς
1199 1199 1380 1264 κατάλυσιν

227 1300 282 1362 καὶ
309 1301 520 1364 κινδυνεύων
545 1297 664 1385 ἔρημος
695 1299 853 1380 γενέσθαι
884 1305 1038 1386 χρήσαιτο
1067 1311 1104 1384 τη
1131 1297 1320 1382 Κικέρωνος
1343 1299 1380 1362 έν

188 1419 215 1458 ιο
228 1395 340 1462 δέοντι
362 1401 523 1482 φιλαρχίᾳ
545 1397 815 1484 προτρεψάμενος
834 1399 936 1464 αὐτὸν
954 1399 1114 1462 ὑπατείαν
1134 1395 1276 1482 μετιέναι
1297 1415 1379 1478 συμ-

227 1497 429 1578 πράττοντος
453 1497 556 1560 αὑτοῦ
580 1495 635 1560 καὶ
659 1497 1040 1580 συναρχαιρεσιάζοντος.
1076 1495 1243 1560 Ἐνταῦθα
1266 1493 1380 1576 μέντοι

226 1593 367 1676 μάλιστα
392 1595 543 1676 Κικέρων
573 1593 728 1680 ἐπαρθεὶς
758 1595 822 1660 ὑπὸ
850 1593 929 1660 νέου
954 1593 1061 1678 γέρων
1083 1595 1138 1658 καὶ
1162 1593 1380 1676 φενακισθείς

227 1689 282 1754 καὶ
305 1693 624 1776 συναρχαιρεσιάσας
646 1693 702 1756 καί
723 1695 903 1776 παρασχὼν
928 1693 1015 1780 αὐτῷ
1038 1695 1098 1776 την
1124 1693 1288 1776 σύγλητου
1313 1699 1379 1758 κτλ.

319 1791 351 1856 8.
377 1797 455 1855 Ρλαί.
475 1797 563 1854 Brut.
583 1797 628 1854 27
661 1791 832 1854 Μέλλοντι
865 1791 892 1854 δ’
920 1791 1009 1878 αὐτῷ
1033 1793 1155 1872 [Bruto]
1193 1791 1380 1872 διαβαίνειν
1398 1801 1451 1878 ff}

189 1889 276 1962 τεείς
308 1891 367 1972 τὴν
389 1887 500 1952 Ἀσίαν
531 1884 609 1970 ἧκεν
638 1889 773 1972 ἀγγελιά
801 1887 877 1974 περὶ
906 1899 963 1972 τῖης
992 1887 1027 1952 ἐν
1047 1887 1150 1974 Ῥώμη
1181 1891 1378 1972 μεταβολῆς·
1399 1889 1448 1936 711

227 1985 245 2050 δ
271 1988 334 2072 γάρ
359 1988 436 2062 νέος
459 1991 589 2072 Καῖσαρ
615 1988 745 2070 ηὐξήθη
773 1987 834 2070 μὲν
862 1989 926 2052 ὑπὸ
955 1997 1013 2070 τῆς
1035 1989 1159 2070 βουλῆς
1188 1985 1236 2052 ἐπ’
1263 1985 1380 2052 Ἀντώ-

227 2109 313 2164 νιον,
334 2086 481 2168 ἐκβαλὼν
507 2087 542 2150 δὲ
567 2096 624 2168 τῆς
642 2085 781 2160 Ἰταλίας
806 2085 934 2150 ἐκεῖνον
958 2085 1057 2160 αὐτὸς
1080 2087 1142 2168 η’δη
1170 2085 1315 2170 φοβερὸς
1337 2079 1380 2166 ἦν

226 2183 389 2250 ὑπατείαν
410 2207 446 2248 τε
472 2187 645 2268 μνώμενος
670 2185 760 2268 παρὰ
788 2187 895 2266 νόμον
918 2181 972 2248 καλ
998 2187 1222 2268 στρατεύματα
1247 2181 1380 2268 τρέφων

227 2283 352 2364 μεγάλα
376 2293 433 2364 της
456 2285 582 2358 πόλεως
604 2279 706 2346 οὐδὲν
728 2283 894 2364 δεομένης.
937 2283 973 2366 ὁρ

188 2401 215 2440 20
227 2384 354 2466 βουλὴν
383 2385 614 2466 βαρυνομένην
642 2379 697 2444 καὶ
722 2381 808 2465 πρὸς
836 2381 895 2446 τὸν
923 2387 1078 2466 Βροῦτον
1104 2379 1285 2466 ἀφορῶσαν
1320 2381 1379 2458 ε”ξω

228 2480 283 2545 καὶ
307 2481 535 2565 ψηφιζομένην
554 2478 668 2568 ἐκείνω
693 2478 748 2545 καὶ
771 2482 972 2565 βεβαιοῦσαν
997 2482 1054 2555 τάς
1080 2478 1236 2563 ἐπαρχίας
1264 2476 1379 2545 ἔδεισε.

227 2580 280 2641 καὶ
309 2582 367 2645 τὸν
395 2576 457 2664 μὲν
474 2578 655 2643 ’Λντώνιον
683 2578 820 2661 πέμπων
847 2582 895 2655 είς
924 2584 1039 2661 φιλίαν
1070 2578 1298 2663 προύκαλεῖτο,
1323 2580 1379 2655 τάς

228 2674 266 2741 δὲ
284 2680 443 2761 δυνάμεις
465 2686 505 2761 τη
527 2680 620 2743 πόλει
644 2680 841 2760 περιστήσας
861 2680 1020 2743 ὑπατείαν
1038 2674 1155 2761 ἔλαβεν
1177 2678 1269 2741 ούπω
1288 2680 1378 2743 πάνυ

227 2778 400 2857 μειράκιον
432 2778 494 2857 nu,
523 2774 589 2839 ἀλλ’
617 2776 767 2839 εἰκοστὸν
799 2776 890 2859 ἀγων
922 2774 1010 2859 έτος,
1044 2776 1087 2851 ὡς
1116 2776 1213 2851 αὐτὸς
1246 2774 1281 2839 έν
1311 2790 1380 2853 τοῖς

188 2894 214 2933 25
228 2872 463 2959 ὑπομνήμασιν
488 2882 628 2958 εἴρηκεν.

319 2974 377 3037 δ*.
403 2978 483 3037 Suet.
505 2978 583 3051 Ανμ.
602 2976 647 3035 27
678 2974 711 3047 Q.
732 2974 858 3037 Gallium
888 2984 1054 3055 praetorem
1083 2978 1111 3035 in
1143 2976 1241 3035 officio
1272 2976 1379 3037 salutu-
1397 2962 1451 3039 δῖ

227 3076 319 3135 tionis
345 3074 468 3135 tabellas
493 3076 625 3153 duplices
652 3082 736 3133 ueste
761 3082 853 3135 tectas
879 3082 1028 3135 tenentem
1059 3076 1225 3153 suspicatus
1251 3074 1380 3151 gladium
1399 3052 1449 3099 711

228 3172 365 3235 occulere
399 3192 455 3233 nec
486 3172 649 3253 quidquam
681 3174 793 3251 statim,
824 3192 859 3233 ne
890 3172 967 3233 aliud
997 3174 1196 3251 inueniretur7
1221 3190 1311 3233 ausus
1335 3178 1379 3233 in-

229 3274 357 3352 quirere,
382 3272 468 3351 paulo
491 3279 559 3351 post
582 3290 637 3349 per
659 3274 849 3331 centuriones
877 3282 903 3333 et
927 3272 1036 3331 milites
1063 3278 1179 3349 raptum
1203 3290 1218 3331 e
1238 3272 1381 3333 tribunali

322 3446 348 3501 7.
368 3445 403 3499 E.
419 3444 556 3499 Schwartz
572 3444 677 3511 (Herm.
695 3448 728 3497 33
744 3462 773 3511 ρ.
787 3448 855 3511 218)
873 3448 919 3499 λου
940 3462 970 3499 ευ
990 3446 1156 3499 sermonibus
1176 3446 1297 3513 Αιιφυεῖτ·
1317 3448 1380 3499 ἀυτ-

229 3522 359 3571 tornense
379 3524 516 3571 ασκεω-
532 3516 574 3583 Cf.
588 3518 661 3583 Αγμ
679 3518 702 3569 b.
716 3532 738 3569 c.
754 3516 811 3567 ΠΙ
825 3520 861 3571 82
881 3516 973 3589 μετῄει
994 3514 1024 3571 δὲ
1044 3516 1091 3569 καὶ
1112 3514 1126 3569 ό
1142 3520 1261 3583 Καῖσαρ,
1281 3516 1332 3571 οὐκ
1353 3518 1381 3579 ἐς

227 3586 280 3655 τὴν
299 3586 403 3657 βουλὴν
423 3586 463 3641 ἔτι
480 3586 598 3655 πέμπων
617 3586 674 3641 ἀλλ’
694 3588 721 3649 ἐς
740 3588 788 3641 τὸν
803 3586 951 3655 Κικέρωνα
972 3586 1041 3661 ἰδίη,
1065 3588 1111 3641 καὶ
1128 3588 1213 3641 αὑτὸν
1228 3586 1380 3653 παρεκάλει

228 3658 278 3711 καὶ
302 3658 447 3724 συνάρξαι,
470 3660 508 3721 ὡς
529 3658 676 3725 Κικέρωνα
696 3656 748 3727 μὲν
765 3658 817 3727 τὴν
836 3660 925 3729 ἀρχὴν
946 3658 1126 3725 διοικήσοντα
1144 3658 1330 3729 πρεσβύτερόν
1350 3680 1379 3713 τε

229 3730 278 3781 καλ
305 3728 500 3798 ἐμπειρότερον
524 3730 601 3798 ὄντα,
626 3730 710 3791 αὑτὸς
734 3728 766 3783 δὲ
788 3730 841 3801 τὴν
867 3732 1028 3799 ἐπωνυμίαν
1053 3728 1267 3799 καρπωσόμενος
1291 3732 1380 3797 μόνον

229 3802 259 3863 ἐς
276 3802 415 3855 ἀπόθεσιν
435 3812 490 3855 τῶν
510 3801 602 3855 ὅπλων
623 3802 757 3871 εὑπρεπῆ,
779 3798 814 3853 οὑ
833 3802 868 3871 δὴ
888 3804 937 3855 καὶ
958 3804 1055 3871 πρώην
1075 3800 1156 3855 ἕνεκα
1173 3804 1220 3855 τὸν
1236 3798 1380 3873 θρίαμβον

229 3874 349 3941 αἰτῆσαι,
391 3871 518 3941 Κικέρων
536 3870 588 3939 μὲν
606 3874 643 3943 δὴ
660 3874 771 3935 τούτοις
800 3872 936 3941 ἐπαρθεὶς
960 3874 1009 3927 διδι
1027 3872 1181 3943 φιλαρχίαν
1207 3874 1298 3943 ἔλεγεν
1323 3880 1378 3929 κτλ.

229 3946 287 3999 Βία
306 3951 351 4012 46,
365 3950 411 4009 42,
425 3950 453 3999 2.
480 3946 634 3999 Βιαιτιαιιιι
651 3946 691 3999 Η.
707 3946 742 3999 R.
758 3946 778 3997 I
793 3948 848 3999 329
859 3964 896 4015 sq.

321 4018 349 4071 8.
371 4018 411 4085 Of.
428 4018 519 4071 Vener.
533 4018 574 4069 ΙΙ
588 4021 625 4069 65
648 4016 831 4071 Consulatum
856 4018 921 4069 iniit
942 4018 1043 4071 Oeesor
1063 4018 1162 4087 pridie,
1185 4032 1267 4083 quam
1287 4018 1380 4087 uigin-

228 4086 254 4141 ti
272 4104 358 4141 annos
379 4088 512 4157 expleret,
533 4108 552 4141 x
572 4087 628 4141 kal.
648 4086 781 4141 Octobres
802 4106 866 4141 cum
890 4088 999 4157 collega
1023 4088 1054 4153 Q.
1074 4088 1170 4155 Pedio,
1194 4092 1258 4157 post
1280 4090 1380 4143 urbem

229 4159 373 4213 eonditum
396 4180 484 4213 occnn
514 4178 533 4213 c.
551 4166 627 4225 όλ,4
654 4160 763 4213 bellum
780 4192 815 4201 —
835 4162 871 4213 ob
896 4176 928 4213 eo
954 4178 1057 4213 anuum
1086 4162 1189 4231 agente
1215 4160 1380 4213 uicesimum

228 4230 382 4285 fortissime
396 4232 469 4285 cirea
483 4229 625 4285 Mutinam
639 4230 875 4285 administratum.
903 4234 969 4285 Ιιίιι,
987 4250 1024 4299 ep.
1042 4238 1094 4285 119
1116 4232 1142 4287 C.
1159 4230 1261 4285 Caesar
1272 4264 1305 4271 —
1317 4252 1380 4285 cum

229 4318 319 4426 eululnos
345 4324 424 4357 xvnn
452 4302 581 4372 haberet,
609 4304 708 4357 consul
735 4306 845 4357 creatus
876 4306 925 4357 est.
963 4306 1115 4357 Drerocnoo
1137 4306 1172 4357 H.
1191 4306 1223 4357 R.
1240 4306 1261 4357 Ι
1271 4322 1300 4371 γ,
1317 4308 1379 4357 336.
