3234 4950
334 380 381 425 ΧΗ
578 358 623 411 DE
646 360 875 413 semproniam.
896 360 987 411 utris
1007 360 1053 411 ΕΤ
1074 358 1231 413 sortieris

332 530 372 587 ita
401 526 605 605 amplificatur,
633 536 666 587 ut
694 530 781 587 cuius
808 530 900 587 etiam
925 528 977 587 alii
1001 528 1164 605 participes
1193 527 1322 604 luerunt,
1349 524 1388 583 ad
1414 542 1482 585 enm

333 626 427 685 solum
452 626 600 683 reseratur
623 632 711 705 atque
736 632 766 685 et
785 633 864 687 totus
884 644 1026 685 excessus
1044 624 1186 685 Catilinae
1207 624 1294 683 cardo
1314 626 1346 683 in
1365 642 1401 683 eo
1419 620 1482 683 solo

331 730 459 801 ponatur
483 724 522 795 (c.
540 722 596 797 16)
620 716 704 805 (cum
729 722 887 785 Sallustius
914 722 987 783 haec
1016 730 1137 783 senatus
1165 722 1284 783 decreto
1313 722 1388 781 laeta
1415 738 1481 781 esse

332 820 434 897 tradat,
460 842 485 881 e.
499 814 567 903 30),
595 828 621 881 et
646 824 805 881 rrraximum
830 830 1011 883 momentum
1036 820 1072 881 ad
1096 818 1237 881 Catilinae
1268 824 1362 879 socios
1387 826 1481 879 morte

331 920 499 979 multandos
526 920 590 979 eius
613 922 707 979 oratio
730 920 839 981 habeat
860 922 902 993 (c.
916 920 984 993 21).
1024 920 1151 995 deniqne
1172 938 1212 977 ue
1236 918 1266 977 di
1289 918 1411 995 quidem
1435 919 1481 977 Ci-

332 1020 434 1077 ceroni
469 1016 587 1095 desunt,
619 1022 671 1097 qui
699 1018 829 1079 terribili
855 1025 954 1077 terrae
981 1025 1077 1097 motu,
1106 1016 1294 1095 fulminibus
1327 1018 1482 1077 nocturnis

332 1118 433 1175 lormis
453 1116 602 1175 Romanos
620 1118 788 1193 admonent,
807 1136 875 1175 eum
892 1114 1017 1175 Catilina
1036 1116 1223 1175 consulatum
1239 1122 1356 1193 peteret
1372 1118 1413 1189 (e.
1428 1116 1480 1190 14,

331 1214 361 1273 id
384 1214 463 1293 quod
487 1214 610 1275 uberius
630 1214 733 1275 Cicero
757 1216 788 1273 in
806 1220 942 1293 poemate
964 1232 1017 1273 suo
1037 1214 1073 1274 de
1093 1214 1206 1273 consul.
1228 1220 1406 1293 persecutus
1426 1220 1481 1291 est,

332 1316 369 1373 de
393 1316 454 1373 ritu.
476 1316 495 1373 I
515 1314 565 1387 11,
587 1316 636 1373 17.
669 1314 707 1389 cf.
728 1316 758 1373 ira
787 1314 850 1373 Cet.
870 1314 927 1373 III
946 1312 1042 1388 8,18.
1076 1314 1157 1373 Coss.
1171 1316 1230 1373 Dio
1249 1314 1301 1387 37,
1316 1314 1368 1391 25,
1384 1314 1427 1387 2),
1453 1322 1482 1372 et

330 1412 476 1489 patefacta
499 1412 704 1471 coniuratione
728 1410 863 1489 prodigio
888 1410 1041 1471 consulem
1065 1410 1247 1472 dubitantem
1272 1430 1326 1489 per
1347 1413 1481 1489 uirgines

330 1508 462 1571 Vestales
491 1518 521 1571 et
548 1508 683 1587 Egeriam
715 1510 891 1571 confirmant
914 1512 954 1582 (c.
969 1510 1035 1583 20).
1067 1528 1245 1589 quamquam
1275 1512 1304 1569 in
1333 1510 1389 1571 hac
1416 1512 1480 1589 ipsa

330 1626 362 1667 re
387 1610 465 1669 inest
490 1606 647 1667 dillioultas
672 1606 825 1685 quaedam.
870 1626 939 1667 uam
969 1608 1047 1685 quod
1075 1616 1139 1667 tum
1167 1608 1276 1668 accidit
1300 1608 1479 1687 prodigium,

331 1726 399 1767 cum
428 1706 506 1767 domi
533 1706 667 1767 Caesaris
691 1706 789 1765 Bonae
811 1706 890 1767 Deae
919 1724 1000 1765 sacra
1031 1707 1137 1767 fierent
1160 1742 1203 1749 -
1225 1715 1260 1767 nt
1283 1724 1319 1765 ex
1342 1708 1416 1785 ipsis
1440 1708 1480 1768 ci·

331 1806 453 1867 neribus
474 1806 591 1865 llamma
606 1804 702 1865 subito
720 1813 885 1883 emergeret
902 1838 942 1847 -
959 1806 1083 1865 Seruius
1098 1807 1157 1877 (eri
1170 1808 1257 1880 Vera.
1273 1808 1340 1865 bue.
1354 1806 1384 1880 8,
1399 1808 1479 1877 105)

331 1904 505 1963 Ciceronem
531 1902 680 1963 consulem
706 1904 841 1963 futurum
863 1922 930 1963 esse
955 1902 985 1963 id
1012 1906 1100 1963 niori
1126 1904 1293 1963 ostendisse
1321 1906 1407 1963 testis
1435 1913 1480 1965 est

331 2004 503 2063 auctoritate
525 2002 617 2079 ipsius
637 2004 783 2081 poematis
801 2022 888 2083 usus;
913 2009 941 2061 at
960 2020 1033 2061 uero
1056 2004 1147 2063 etiam
1166 2002 1217 2063 hic
1234 2020 1302 2063 cum
1321 2002 1479 2063 Plutarcho

331 2102 480 2161 consentit
496 2100 550 2159 Dio
570 2102 636 2177 (37,
653 2102 704 2177 35,
720 2102 763 2179 al),
784 2108 816 2159 nt
836 2100 1023 2160 scholiastam
1045 2102 1130 2159 illum
1155 2120 1223 2159 eum
1244 2102 1278 2159 iu
1294 2100 1399 2161 multis
1417 2108 1480 2171 tum

330 2200 362 2259 in
383 2198 439 2259 hac
463 2218 494 2259 re
516 2216 635 2259 ‘errasse
662 2198 852 2259 statuendum
874 2200 914 2259 sit
935 2208 967 2259 et
988 2207 1070 2259 recto
1094 2198 1158 2259 loco
1176 2198 1343 2259 secundum
1360 2198 1479 2259 Cicero·

328 2318 398 2357 nem
430 2296 599 2375 prodigium
629 2316 645 2357 a
675 2296 834 2357 Plutarcho
867 2305 898 2357 et
926 2296 1021 2357 Dione
1052 2306 1207 2357 narratum
1238 2316 1305 2357 esse
1339 2306 1479 2377 sequatur

331 2398 483 2469 (maresca
505 2400 524 2457 l.
544 2414 564 2453 a
582 2414 615 2474 p.
635 2396 725 2471 226).

420 2503 472 2564 Est
499 2523 569 2564 sane
598 2523 671 2564 uere
693 2501 767 2562 illud
792 2503 903 2564 dietum
925 2503 1077 2564 Plutarchi
1100 2507 1280 2564 narrationis
1301 2504 1479 2566 moderatio-

328 2621 398 2664 nem
427 2601 461 2662 ab
490 2605 658 2680 arrogantia
681 2601 814 2662 Tulliana
840 2601 1011 2664 abhorrere:
1038 2610 1067 2662 at
1087 2601 1158 2680 qnid
1175 2603 1299 2682 inpedit,
1318 2607 1478 2682 quominus

329 2701 405 2762 hanc
433 2699 469 2760 ab
493 2703 557 2780 ipso
580 2701 742 2780 biographo
767 2701 930 2762 abstersam
955 2721 1021 2762 esse
1045 2699 1243 2762 censeamus?
1274 2701 1303 2760 id
1328 2703 1408 2781 quod
1428 2703 1478 2763 uel

330 2817 364 2858 ea
394 2799 428 2858 de
459 2817 548 2860 eausa
570 2801 599 2860 ei
625 2799 795 2860 laciendum
822 2799 892 2878 tuit,
915 2808 948 2858 ut
970 2817 1026 2880 per
1047 2805 1139 2860 totam
1162 2801 1253 2860 uitam
1279 2799 1407 2860 eundem
1429 2821 1478 2862 co·

328 2897 423 2958 lorem
446 2891 621 2982 seruaretl)

418 3005 513 3066 Etiam
540 3023 554 3064 a
579 3003 750 3066 Sallustio
780 3007 859 3066 hunc
887 3009 1131 3066 commentarium
1156 3015 1185 3066 et
1214 3003 1354 3066 anecdota
1382 3009 1422 3066 ita
1448 3009 1478 3066 in

328 3123 416 3164 usum
437 3111 542 3164 uocata
565 3121 629 3164 esse
655 3121 749 3182 nuper
773 3103 824 3162 Ed.
846 3103 992 3164 Schwartz
1012 3105 1127 3176 (Herm.
1144 3105 1185 3163 32
1203 3123 1236 3181 p.
1252 3103 1332 3178 581)
1356 3113 1477 3164 conten·

259 3195 265 3204 “
331 3201 380 3280 dit,
405 3209 442 3280 ut
460 3205 540 3282 ipsas
559 3219 608 3262 res
628 3221 665 3262 ex
683 3205 728 3262 eis
747 3211 879 3282 sumptas
904 3221 956 3262 sno
979 3201 1029 3262 filo
1052 3209 1233 3282 contexeret,
1257 3207 1277 3264 i.
1292 3221 1316 3262 e.
1338 3203 1477 3282 quemad·

217 3293 218 3298 ¹
328 3299 448 3360 modum
479 3303 541 3362 suis
567 3301 701 3378 partibus
731 3299 898 3362 conducere
922 3301 1124 3378 arbitraretur,
1153 3301 1323 3380 disponeret
1346 3309 1376 3362 et
1399 3303 1476 3364 redi·

328 3407 413 3478 geret
440 3407 528 3480 atque
553 3417 606 3458 sua
633 3399 785 3460 scribendi
811 3407 874 3460 arte
902 3399 1077 3480 perpoliret3
1105 3399 1136 3458 id
1166 3399 1245 3478 quod
1272 3399 1476 3462 uerisimilitu-

329 3497 397 3558 dIne
422 3497 548 3576 quadam
565 3515 625 3558 non
646 3505 734 3558 caret.
762 3515 831 3558 nam
852 3497 921 3558 dum
939 3498 1020 3558 solus
1040 3501 1272 3558 commentarius
1289 3499 1321 3556 in
1340 3499 1477 3560 manibus

328 3649 568 3656 ,.—-....—....—......-..

421 3735 444 3802 l)
466 3733 542 3786 Citat
562 3731 731 3784 Plutarchus
754 3729 915 3786 Ciceronem
937 3731 973 3786 de
994 3731 1128 3786 Terentia
1151 3731 1180 3784 in
1207 3733 1368 3802 parenthesi
1388 3751 1410 3786 e.
1426 3741 1476 3788 20:

328 3813 377 3868 καὶ
396 3813 448 3882 γὰρ
470 3809 531 3868 οὐδ’
550 3811 635 3872 ἄλλως
656 3807 688 3882 ἦν
709 3811 811 3886 πρᾳεῖά
830 3832 872 3874 τις
889 3808 953 3866 oeu'
971 3812 1089 3880 ἄτολμος
1105 3813 1158 3882 τὴν
1175 3815 1263 3882 φύσιν
1282 3813 1350 3868 ἀλλὰ
1368 3813 1476 3882 φιλότι-

329 3915 379 3962 μος
397 3893 467 3964 γυνὴ
487 3893 536 3948 καὶ
559 3895 671 3960 μᾶλλον,
692 3893 731 3954 ὡς
752 3889 838 3954 αὐτός
856 3909 942 3960 φησιν
963 3891 978 3946 ὁ
995 3891 1131 3960 Κικέρων,
1153 3903 1208 3948 τῶν
1225 3897 1376 3948 πολιτικῶν
1396 3915 1476 3964 μετα-

328 3973 508 4044 λαμβάνουσα
532 3971 598 4042 παρ’
619 3969 727 4026 ἐκείνου
751 3971 912 4040 φροντίδων
928 3969 945 4040 ἢ
961 3975 1149 4042 μεταδιδοῦσα
1166 3983 1222 4030 τῶν
1240 3975 1389 4029 cincinnato
1409 3975 1476 4032 trai—

328 4077 375 4126 νῳ.
405 4055 476 4108 haec
493 4057 588 4108 tarnem
606 4053 705 4108 necin
726 4051 932 4106 commentariis
950 4071 1001 4104 nec
1020 4053 1050 4108 in
1069 4055 1215 4110 anecdotis
1232 4055 1354 4110 scrihere
1372 4059 1475 4126 potuit.

328 4135 383 4188 Leo
404 4137 675 4206 Blopr.p.162sqq.
690 4133 873 4188 Plutarchum
890 4133 946 4188 alio
967 4137 1089 4201 auctore,
1108 4135 1158 4202 qui
1175 4135 1314 4202 Tironem,
1328 4137 1476 4191 minimum

328 4215 416 4268 eham
435 4215 522 4268 alium
542 4213 681 4268 Ciceronis
699 4215 779 4268 uitae
798 4215 975 4284 scriptorem,
992 4217 1055 4268 tum
1072 4215 1163 4284 ipsius
1181 4217 1398 4272 commentarios
1416 4220 1475 4286 epi-

328 4293 475 4362 stulasque
493 4299 578 4362 atque
599 4311 691 4348 rerum
711 4293 861 4362 scriptores
883 4295 1110 4362 contaminasset,
1132 4313 1216 4350 usum
1234 4311 1294 4350 esse
1311 4297 1412 4350 uoluit.
1446 4301 1476 4352 at

327 4375 394 4428 uide
415 4377 518 4430 Berlin.
533 4377 891 4444 pbilWocbenschr.1903
910 4393 929 4428 e.
946 4381 1019 4430 1096
1028 4395 1083 4446 sqq.
