3234 4950
277 400 428 449 CXXXXVI
526 400 572 453 DE
594 398 823 453 SCRIPTORVM
841 398 934 453 VITIS
954 399 999 453 ΕΤ
1020 396 1174 453 sentinis

276 570 317 629 eis
343 570 443 645 luisse7
469 588 594 645 cumque
616 570 649 627 in
672 570 716 627 eis
739 568 988 645 militudinibus
1014 570 1065 647 qui
1084 566 1160 645 apud
1178 568 1336 645 loscplrum
1354 568 1379 627 Τ
1381 570 1420 628 ito

276 666 521 745 assentiebantur)
548 668 691 727 mitonins
717 666 846 726 lulianus
868 684 928 727 non
952 670 1130 745 nominetur,
1156 684 1283 745 eumque
1309 670 1420 727 seueri·

275 772 364 825 tatem
384 772 447 825 tum
468 766 496 823 in
519 764 641 825 concilio
662 766 789 825 suasisse
816 774 964 843 sequatur,
982 762 1109 825 eundem
1131 764 1164 823 de
1184 764 1299 825 Iudaeis
1320 774 1419 825 contra
1483 803 1485 806 -

274 862 429 939 losephum
456 866 632 923 sententiam
657 882 738 923 suam
765 864 869 923 tuitum
894 864 959 923 ueri
982 862 1080 921 simile
1103 871 1149 921 est
1170 871 1202 921 et
1223 882 1239 921 a
1264 864 1364 923 Tacito
1387 873 1421 923 ut

273 962 366 1039 magis
391 960 530 1021 idoneum
553 968 705 1023 auctorem
727 964 759 1019 in
783 982 868 1022 usum
895 962 929 1021 de
955 962 1008 1021 hac
1030 978 1063 1019 re
1086 969 1223 1020 uocatum
1243 980 1310 1021 esse
1330 964 1417 1035 (Ber-

273 1078 351 1135 noys
372 1062 391 1119 i.
411 1078 431 1119 s,
446 1080 479 1137 n.
496 1062 560 1119 173
570 1080 611 1137 sq.
642 1062 820 1121 Gutsclnnid
842 1062 894 1137 Op.
909 1062 929 1119 i
933 1062 961 1119 V
967 1080 1001 1137 p.
1017 1060 1156 1133 3415qu.

726 1254 967 1263 m

567 1400 604 1485 Q.
630 1398 860 1473 asconius
889 1398 1131 1473 Pantanus

360 1560 415 1621 Hic
438 1568 542 1621 auctor
561 1562 739 1623 curiositatis
763 1560 1005 1641 diligentissimae
1029 1582 1043 1621 a
1064 1560 1205 1623 Suetonio
1227 1564 1260 1621 in
1281 1560 1357 1621 libro
1384 1562 1418 1623 de

273 1660 423 1719 historicis
448 1660 547 1719 latinis
573 1662 652 1719 inter
670 1658 867 1719 Fenestellam
893 1668 920 1719 et
944 1661 1073 1720 Plinium
1091 1662 1232 1719 maiorem
1253 1662 1418 1721 recensitus

273 1766 345 1837 erat,
377 1758 412 1819 ah
446 1758 624 1837 Hieronymo
663 1758 700 1817 ad
729 1776 752 1817 a.
778 1754 862 1818 2091
890 1758 1012 1819 rihn=
1036 1754 1163 1825 161829
1197 1778 1223 1837 p.
1256 1754 1319 1819 159
1350 1758 1417 1819 Scir.

276 1856 306 1929 ζ).
339 1858 490 1919 Asconius
522 1860 675 1919 Pedianus
706 1860 840 1917 scriotor
867 1860 1032 1919 historiens
1063 1861 1166 1917 clarus
1194 1860 1333 1938 iubetur,
1366 1862 1419 1933 oiri

273 1956 419 2017 LXXIII
439 1962 548 2017 oetaeis
579 1974 653 2017 snoe
681 1974 763 2015 unno
792 1964 901 2033 coptus
926 1958 1089 2017 luminibus
1112 1957 1184 2015 ΧΠ
1197 1965 1306 2033 posteo
1330 1962 1418 2019 onais

272 2060 302 2115 io
336 2072 448 2115 sumno
482 2060 612 2115 omniurn
647 2058 761 2117 nonore
793 2061 988 2116 consenescit.
1043 2054 1099 2115 luit
1138 2073 1211 2115 uere
1250 2054 1418 2133 historicus,

271 2154 363 2213 multo
387 2156 481 2231 magis
506 2172 593 2233 quam
612 2156 663 2233 qui
687 2154 774 2213 modo
792 2156 910 2213 tractati
930 2160 999 2215 suot
1020 2156 1300 2215 commentariorum
1326 2156 1417 2235 scrip-

271 2260 351 2313 tores
374 2260 462 2331 atque
486 2254 655 2331 religiosius
678 2270 767 2331 quam
787 2250 967 2313 Graecorum
983 2252 1136 2331 Didymus
1158 2271 1281 2331 eamque
1299 2252 1417 2313 landem

270 2358 392 2429 propter
408 2354 634 2411 commentarios
651 2352 817 2411 orationum
834 2352 993 2430 Ciceronis,
1010 2370 1083 2431 quos
1098 2370 1121 2409 a.
1134 2346 1417 2432 541807ψ511810

271 2448 306 2510 ad
326 2448 403 2510 lilios
420 2452 511 2528 misit,
532 2454 596 2512 iure
615 2450 736 2530 obtinet,
759 2450 865 2530 quibus
886 2454 959 2512 scite
978 2450 1133 2512 Ciceronis
1151 2468 1270 2510 errores
1287 2454 1416 2512 oratorie

270 2567 352 2608 more
376 2551 550 2616 commissos
576 2551 610 2610 ad
634 2551 808 2610 historicum
833 2558 953 2610 reuocat
971 2553 1019 2623 (in
1038 2551 1139 2610 Pison.
1152 2569 1186 2626 p.
1203 2551 1242 2608 ll
1265 2551 1416 2631 It-Seie.);

270 2647 367 2708 locum
392 2655 489 2708 tamen
510 2651 541 2708 iu
558 2649 613 2708 hae
635 2647 808 2710 collectione
829 2651 890 2708 uita
909 2647 1041 2709 Sallustii
1060 2651 1089 2708 ei
1107 2647 1220 2726 tribuit,
1245 2651 1301 2709 etsi
1325 2667 1415 2710 unum

271 2747 335 2806 eius
359 2745 556 2824 fragmentum
584 2747 670 2808 dubia
694 2747 950 2806 Pseudo-Acronis
973 2751 1149 2808 auctoritate
1170 2741 1321 2832 11111111)

724 2927 964 2934 Q

563 3051 598 3126 O.
621 3049 814 3124 PLINIVS
844 3045 1124 3136 sucurritis)

357 3211 399 3272 Dc
421 3215 483 3296 uita
509 3213 659 3292 disputare
682 3231 741 3274 non
768 3221 812 3272 est
835 3213 923 3274 huius
948 3215 1026 3276 libri.
1063 3231 1208 3292 apponam
1230 3215 1414 3293 Suetonium,

212 3309 214 3314 ’
270 3313 319 3390 qui
354 3329 421 3370 eum
455 3313 535 3370 inter
566 3313 724 3372 historicos
755 3315 956 3374 enumerauit:
986 3313 1023 3374 de
1050 3315 1106 3372 uir.
1137 3313 1176 3372 ill.
1201 3333 1228 3392 p.
1248 3309 1290 3374 92
1302 3333 1344 3394 sq.
1368 3313 1413 3373 ΒΓ.

269 3413 387 3470 Plinius
419 3411 579 3472 Secundus
615 3415 851 3472 Nouocomensis
888 3415 1077 3486 equestribus
1111 3415 1226 3472 militiis
1265 3417 1415 3473 inurrstrie

264 3509 391 3586 functus
404 3515 644 3586 procurationes
662 3527 781 3586 quoque
797 3508 1055 3586 nitendiciissimos
1076 3518 1103 3571 ei
1122 3515 1282 3571 continuos
1299 3529 1415 3572 scornio

358 3703 380 3760 1)
402 3697 530 3752 Ceterum
544 3717 569 3752 u.
582 3699 678 3754 uesci.
691 3697 757 3752 Litt.
774 3701 785 3752 Ι
798 3717 828 3766 p⁴
840 3705 891 3752 114
902 3717 961 3770 sqq.
987 3699 1101 3770 Prosop.
1116 3699 1183 3768 imp.
1199 3701 1277 3754 Rom.
1293 3701 1306 3754 Ι
1324 3721 1349 3770 p.
1363 3707 1413 3754 158

267 3799 292 3832 n.
309 3783 367 3832 994,
404 3779 649 3850 Pauly-Wissorra
663 3779 792 3832 Realenc.
808 3779 836 3832 Π
852 3799 880 3848 p.
897 3787 973 3835 1524.

357 3863 382 3930 2)
402 3859 482 3914 Nunc
507 3859 651 3914 difficilem
673 3859 709 3914 de
727 3859 820 3914 Taciti
843 3861 1005 3916 auctoribus
1029 3863 1222 3930 quaestionem
1252 3861 1412 3932 aggredi013

267 3941 362 4006 iraque
393 3943 478 3996 semel
506 3941 655 4012 scriptores
681 3939 857 4010 praecipuos,
886 3941 935 4010 qui
963 3961 1026 3996 eom
1047 3945 1251 4012 tractaueiunt,
1280 3943 1432 4012 adposuit·

266 4023 295 4074 F.
310 4021 406 4074 Hir-zei
433 4021 607 4090 Correporutio
637 4039 739 4088 eorum,
768 4039 837 4090 quoe
857 4023 892 4076 eie
914 4025 1124 4093 imperatoribus
1149 4025 1238 4078 Getta
1263 4031 1286 4078 ei
1313 4027 1412 4078 Othone

265 4105 353 4156 retuso
372 4103 484 4174 leniorue
502 4105 579 4172 opud
601 4105 733 4168 Tacitum,
753 4105 942 4170 Plutarchum,
962 4105 1130 4172 Suetonium,
1149 4105 1268 4160 Dionem
1287 4105 1412 4160 Coss-inin

265 4177 716 4252 instituto,Prog'r.Stuttg.1851.
745 4183 794 4238 Th.
805 4183 992 4238 Wiedemaon
1009 4189 1052 4240 De
1071 4187 1172 4250 Tacito,
1188 4186 1326 4252 Suetonio,
1344 4187 1411 4240 Pn-

266 4263 366 4330 toreio,
388 4263 481 4318 Cossio
499 4265 606 4330 Dione,
629 4265 805 4330 scriptoribus
831 4268 895 4332 1111.
917 4267 1023 4320 Guttae
1040 4271 1066 4318 et
1087 4267 1206 4320 Othonis.
1233 4265 1307 4318 Diss.
1324 4267 1412 4319 Berol.

268 4347 344 4396 1857.
376 4341 410 4396 H.
425 4343 508 4396 Peter
533 4347 587 4400 Die
608 4345 718 4414 Quolien
737 4345 885 4400 Plutonis
903 4351 933 4400 in
954 4349 1006 4400 tien
1025 4347 1227 4418 Bioqropit-ieen
1246 4347 1294 4400 cler
1314 4349 1413 4402 Rsi'ruer

265 4427 356 4494 (1865)
375 4441 402 4492 p.
423 4429 456 4478 28
468 4441 526 4492 sqq.
559 4425 715 4480 Mommsen
744 4427 772 4480 Ο.
797 4427 909 4480 Tacitus
936 4447 964 4480 u.
990 4429 1103 4483 Cluuius
1132 4429 1238 4492 Rufus,
1267 4425 1358 4480 Herm.
1376 4427 1409 4480 ll’
