3234 4950
330 384 441 429 XXXVI
581 362 628 415 DE
649 362 880 417 SCRIPTORVM
900 360 992 413 VITIS
1011 360 1058 413 ΕΤ
1078 360 1236 413 scalpris

424 530 526 589 Educet
558 532 648 607 igitur
678 532 763 591 etiam
787 530 863 589 binc
889 530 953 587 eius
984 530 1141 587 artificium
1170 537 1199 587 et
1228 530 1257 587 in
1288 528 1484 606 quadriparti-

331 632 412 689 tione
441 632 531 689 totius
561 632 740 707 argumenti,
769 648 827 707 qua
855 628 881 687 si
907 633 1036 707 poterat,
1062 646 1135 687 usus
1166 636 1211 688 est
1239 620 1300 709 (ut
1326 626 1393 685 ideo
1422 626 1484 685 iere

331 728 431 785 omnia
449 728 509 785 sint
529 724 763 805 quadripartita',
790 728 825 787 de
850 730 868 785 l.
885 728 904 785 l.
927 726 953 783 V
969 718 1036 807 12),
1056 728 1134 785 etin
1155 727 1363 785 corriunctione
1381 742 1484 785 rerum

332 844 399 885 cum
429 824 571 883 librorum
607 826 685 885 exitu
720 832 748 885 et
775 828 807 885 iu
835 824 949 881 ratione
978 826 1163 883 tractationis
1189 823 1355 885 secundum
1381 842 1484 881 rerum

330 924 505 983 uarietatem
519 924 665 983 instituta.
688 942 756 983 narn
772 922 827 983 etsi
843 928 937 981 totum
951 940 1026 1000 opus
1047 925 1136 981 certis
1157 942 1259 1001 regum
1280 939 1483 1001 generumque

331 1020 501 1080 nominibus
537 1024 621 1099 quasi
646 1024 808 1101 pertexuit,
837 1020 999 1079 luxuriauit
1026 1028 1125 1079 tamen
1154 1022 1184 1079 iu
1209 1020 1391 1097 exornando,
1416 1038 1484 1079 curn

330 1120 430 1179 uarias
453 1118 568 1177 fabulas
593 1138 628 1179 ex
653 1120 757 1199 anrplis
783 1118 963 1179 Graecorum
987 1118 1134 1177 thesauris
1161 1118 1291 1198 adderet,
1314 1136 1372 1196 qua
1395 1118 1427 1175 in
1451 1136 1484 1175 re

330 1236 369 1277 ue
397 1216 519 1277 deorum
550 1220 753 1279 auctoritatem
782 1218 942 1294 minueret,
972 1234 1047 1295 quae
1069 1219 1169 1295 turpia
1191 1216 1355 1297 antiquitus
1380 1215 1484 1275 decis

330 1316 541 1393 narrabantur,
567 1316 618 1375 uel
644 1316 847 1375 Euhemerum
875 1306 1028 1397 secutus¹)
1058 1314 1094 1373 ad
1125 1316 1260 1373 homines
1294 1314 1421 1391 rettulit,
1450 1323 1484 1373 ut.

330 1412 465 1491 Europae
495 1420 612 1491 raptum
639 1414 676 1473 ad
704 1412 856 1475 Xanthum
879 1412 1066 1471 Cretensium
1098 1430 1213 1493 regem,
1239 1416 1283 1473 ita
1308 1418 1422 1489 tamen,
1449 1422 1484 1471 ut

330 1510 439 1571 multos
462 1512 598 1571 homines
623 1512 756 1571 eiusdem
783 1512 917 1571 doctrina
937 1530 1010 1571 usus
1034 1514 1065 1569 in
1090 1510 1214 1571 deorum
1236 1528 1394 1571 numerum
1417 1519 1485 1589 post

330 1616 456 1667 mortem
482 1616 618 1687 receptos
641 1628 706 1669 esse
734 1610 861 1687 doceret,
883 1608 934 1667 uel
952 1604 1025 1667 ‘non
1049 1608 1210 1669 fabulosam
1235 1610 1289 1669 sed
1310 1610 1484 1667 historicam

331 1710 478 1767 rationem
498 1704 636 1767 reddens’
651 1710 691 1767 ita
711 1706 823 1767 fabulas
843 1704 908 1765 illas
927 1708 1140 1783 interpretatus
1157 1716 1209 1786 est,
1229 1717 1262 1769 ut
1278 1708 1349 1767 deos
1363 1708 1484 1765 omnino

330 1804 454 1865 maculis
469 1808 613 1865 uitiorum
627 1806 825 1865 humanorum
840 1814 989 1883 purgaret,
1002 1804 1067 1865 illas
1083 1812 1181 1865 autem
1195 1814 1367 1865 secerneret
1380 1804 1417 1865 ab
1431 1806 1484 1882 εἰς,

331 1922 405 1983 quae
423 1900 562 1981 ‘ingeniis
580 1904 736 1963 hominum
754 1906 796 1965 ita
814 1911 917 1962 essent
934 1904 1029 1981 fictae,
1052 1910 1086 1961 ut
1109 1922 1169 1961 non
1191 1912 1294 1963 essent
1316 1902 1484 1981 opprobriis

330 2004 489 2061 numinum
508 1998 641 2081 adfixae’,
667 1999 749 2063 uelut
768 2000 950 2079 Triptolemi,
971 2000 1136 2078 Minotauri,
1163 2000 1385 2080 Centaurorum,
1411 2020 1484 2079 quas

331 2100 450 2177 quidem
484 2102 562 2159 inter
595 2100 740 2159 diluuium
770 2098 957 2159 Deucalionis
987 2107 1015 2159 et
1047 2100 1160 2159 belluni
1186 2100 1349 2159 Troianum
1379 2118 1484 2159 recen·

331 2192 472 2281 suerat.²)
510 2198 599 2257 tertio
628 2196 702 2257 libro
728 2198 818 2257 Varro
847 2198 1001 2257 historiam
1032 2216 1108 2277 quae
1141 2198 1296 2259 dicebatur
1326 2198 1362 2257 de
1393 2196 1483 2257 rebus

330 2306 397 2375 post
420 2292 531 2355 bellum
555 2294 714 2357 Troianum
739 2314 835 2375 usque
860 2294 895 2355 ad
918 2296 1042 2355 Romam
1068 2296 1216 2357 conditam
1239 2294 1354 2375 effudit,
1376 2304 1482 2373 quarto

329 2396 363 2453 in
385 2394 483 2453 lucem
506 2396 629 2471 originis
648 2394 797 2455 Romanae
819 2414 996 2471 progressus
1014 2394 1115 2453 ltaliae
1134 2394 1322 2475 disciplinam
1342 2402 1370 2453 et
1388 2396 1480 2453 uitam

333 2487 375 2574 (si
398 2513 461 2554 eam
489 2497 556 2554 iure
579 2513 596 2554 a
620 2493 725 2556 Seruio
753 2493 900 2556 laudatam
929 2511 995 2554 esse
1022 2497 1181 2571 sumimus,
1201 2495 1244 2570 fr.
1258 2487 1316 2575 20)
1343 2511 1411 2552 cum
1438 2495 1483 2552 eis

332 2611 404 2670 quas
438 2599 522 2652 antea
558 2591 730 2670 depinxerat
763 2592 902 2670 gentibus
935 2611 1121 2670 comparasse
1159 2600 1188 2652 et
1222 2590 1482 2670 comprehendisse

329 2691 457 2766 uidetur,
478 2691 518 2750 ita
537 2697 570 2750 ut
589 2709 607 2750 a
624 2689 763 2752 Romanis
785 2709 844 2770 ecS,
869 2709 942 2770 quos
960 2691 1068 2750 imitati
1088 2698 1195 2768 essent,
1221 2698 1382 2769 superatos,
1408 2709 1483 2768 quae

331 2787 367 2848 ab
395 2787 454 2848 iliis
480 2789 676 2868 accepissent,
699 2789 775 2850 facta
800 2807 866 2848 esse
892 2787 1015 2848 meliora
1041 2787 1255 2850 demonstraret
1279 2791 1330 2862 (ru.
1346 2789 1404 2848 Bh.
1422 2793 1440 2848 l.
1460 2807 1483 2848 a.

325 2907 361 2964 p.
375 2887 439 2946 241
450 2889 517 2962 sp).

420 2983 496 3044 Illud
523 2991 622 3044 autern
651 2985 783 3046 studium
807 2987 931 3046 rationis
953 3004 1148 3046 numerorum
1171 2985 1399 3066 Pythagoricum
1422 3003 1484 3043 non

332 3083 427 3144 solnm
450 3101 499 3144 res
523 3089 661 3144 externas
685 3085 738 3144 sed
761 3087 851 3144 etiem
870 3085 1134 3162 chronographiam
1153 3085 1268 3144 imbuit.
1299 3085 1331 3142 in
1351 3101 1409 3160 qua
1427 3085 1484 3144 etsi

331 3185 364 3242 in
381 3183 558 3258 uniuersum
577 3181 691 3242 Castori
711 3201 743 3242 se
762 3181 883 3260 addixit,
903 3190 1001 3242 tamen
1020 3185 1086 3262 ipsa
1109 3183 1208 3242 indole
1233 3183 1268 3243 ad
1290 3181 1484 3258 Pythagoram

330 3279 500 3360 inclinabat,
515 3286 551 3339 ut
564 3281 628 3340 eius
642 3281 730 3342 modo
746 3301 776 3342 se
793 3283 881 3340 etiarn
896 3282 1016 3360 sepeliri
1030 3281 1148 3342 inheret
1164 3281 1397 3355 (peronaeo,
1409 3281 1483 3340 160.

331 3381 393 3438 uid.
405 3397 441 3438 m.
452 3379 510 3438 Rh.
525 3383 544 3438 l.
555 3397 575 3438 a.
585 3399 619 3456 p.
634 3381 699 3438 235
708 3383 775 3456 sp).
805 3399 874 3438 nam
894 3399 961 3438 cum
982 3381 1067 3438 stoici
1087 3399 1181 3440 annos
1198 3381 1328 3440 maiores
1347 3377 1484 3438 miliariis

333 3477 465 3536 ciuilium
495 3495 638 3536 annorum
670 3477 796 3538 dimensi
822 3486 937 3556 esseut,
964 3479 1055 3537 Varro
1080 3485 1111 3538 et
1132 3497 1201 3538 eum
1224 3495 1382 3538 numerum
1404 3479 1484 3536 intra

333 3575 564 3654 quadringentos
594 3575 787 3654 quadraginta
814 3593 908 3636 annos
936 3579 1067 3636 coercuit
1096 3585 1124 3636 et
1152 3577 1386 3636 emendationem
1410 3582 1484 3634 tem-

424 3731 449 3798 1)
469 3729 532 3802 Via.
549 3729 646 3782 Festus
668 3747 687 3782 s.
703 3747 730 3784 u.
745 3749 769 3798 p.
789 3735 854 3782 310:
881 3729 935 3782 Sus
958 3729 1121 3784 Mineruam
1142 3733 1175 3784 iu
1192 3731 1412 3798 prouerbium,
1434 3733 1485 3785 ubi

255 3829 256 3832 ’
333 3813 394 3878 quic
417 3811 447 3864 c'd
471 3811 547 3864 docet
569 3813 691 3876 alterurn,
715 3813 795 3864 cactus
817 3811 875 3876 ipse
891 3812 997 3864 cosmus
1020 3819 1065 3864 est.
1101 3829 1184 3880 quarn
1205 3831 1261 3866 rent
1287 3815 1317 3864 iu
1337 3812 1484 3877 mediaret

333 3893 424 3958 ciunt,
444 3893 564 3958 positum
584 3891 672 3946 Varro
690 3897 714 3944 et
733 3893 903 3946 Euhemerus
926 3891 1027 3960 ineptis
1049 3893 1149 3962 seythia
1167 3893 1307 3948 innotuere
1325 3893 1485 3946 metuerunt

333 3989 416 4040 quarn
435 3971 593 4040 simpliciter
612 3973 718 4038 referre,

424 4053 449 4120 2)
470 4053 559 4120 Saepe
576 4051 691 4118 fabulis,
711 4069 781 4120 quas
800 4053 911 4120 ‘poetae
927 4053 1050 4118 cautent,
1063 4053 1179 4106 theatra
1193 4057 1370 4122 concrepent,
1383 4053 1484 4122 populi

334 4131 490 4186 celebrent’
504 4131 634 4200 'opponit
658 4131 821 4186 declamans
845 4131 1020 4200 Augustinus
1044 4133 1270 4188 rationalismum
1289 4131 1424 4187 Varronis
1451 4138 1484 4188 ut

335 4229 440 4280 magna
459 4229 522 4264 curn
543 4211 672 4266 doctrina
691 4229 725 4266 ex
745 4213 926 4266 obscurarum
942 4211 1047 4266 notitia
1060 4213 1220 4268 litterarum
1235 4213 1366 4279 eruentis,
1380 4213 1484 4280 quibus

338 4293 385 4346 ‘ne
409 4293 524 4344 deorum
553 4295 673 4346 naturae
695 4309 745 4346 seu
771 4293 897 4346 moribus
926 4292 1076 4346 credantur
1101 4293 1277 4364 incongrua’,
1299 4293 1486 4362 prohibeatur

333 4373 379 4444 (de
399 4389 422 4428 c.
438 4373 463 4428 d.
480 4371 571 4426 XVIII
591 4379 631 4426 10.
649 4379 690 4426 11.
707 4377 758 4446 12),
