3234 4950
694 414 740 467 DE
762 412 849 467 VITA
868 414 936 467 SVA
1345 416 1386 479 61

239 576 293 641 σολ
321 578 398 641 τάδε
427 578 534 659 λέγων
561 576 698 643 ἐκείνων
727 578 919 643 ἀκουόντων
946 574 1031 663 ὑπὲρ
1054 576 1201 663 ἐμαυτοῦ
1224 582 1388 663 τεχνάζων

238 680 344 739 εἰπεῖν
354 674 366 739 ’.

326 780 407 853 (45.)
445 780 588 839 Τοιαῦτα
616 772 653 839 δὲ
681 776 834 851 εἰπόντος
859 784 919 839 τοῦ
943 776 1092 839 Λευκίου
1119 773 1174 839 καὶ
1201 778 1388 859 σιωπήσαν-

236 896 292 949 τος
316 872 333 935 ὁ
361 876 489 959 Καῖσαρ
515 872 635 949 ε”λεξεν
667 872 868 939 “”Ασπονδον
892 872 954 959 μέν
979 892 1016 937 σε
1038 875 1194 937 κατιόντα
1220 876 1302 959 πρὸς
1332 870 1387 959 ἐμὲ

208 968 334 1055 εὸρῖιν,
359 968 382 1037 ὦ
406 974 534 1055 Λεύκιε,
557 972 731 1055 ὑπήντησα
748 984 817 1037 τῶν
838 974 924 1055 ἐμῶν
944 972 1116 1058 ἐρυμάτων
1136 970 1184 1037 ἔτι
1206 974 1295 1049 ἐκτὸς
1315 974 1388 1037 όντι

235 1070 315 1133 κατά
355 1070 514 1153 σπουδήν,
553 1070 608 1133 ἵνα
640 1070 686 1135 ἔτι
721 1072 837 1155 κύριος
867 1072 916 1135 ὢν
949 1081 1092 1135 σεαυτοῦ
1121 1072 1298 1153 βουλεύοιο
1332 1070 1387 1135 καὶ

235 1168 344 1251 λέγοις
366 1168 420 1233 καλ
443 1170 601 1251 πράττοις
624 1170 645 1235 ἀ
668 1172 810 1253 νομίζεις
839 1189 892 1235 σοι
919 1172 1099 1235 συνοίσειν.
1138 1168 1209 1235 ἐπεὶ
1236 1168 1281 1252 δ’,
1305 1172 1386 1252 ὅπερ

235 1264 303 1331 ἐστὶ
328 1278 394 1331 τῶν
418 1268 546 1331 ἀδικεῖν
569 1268 837 1351 ὁμολογούντων,
860 1270 984 1332 σαυτὸν
1008 1268 1089 1351 ἡμῖν
1111 1268 1305 1352 ἐπιτρέπεις,
1331 1268 1387 1333 οὐ-

235 1362 293 1429 δὲν
316 1362 363 1427 ἔτι
393 1364 507 1447 δέομαι
534 1366 723 1451 διελέγχειν,
747 1366 806 1429 ὅσα
838 1370 902 1431 σὺν
922 1367 1021 1451 τέχνη
1048 1392 1113 1449 μου
1141 1368 1314 1444 διεφεύσω.
1352 1366 1386 1445 ἐξ

194 1484 220 1523 10
235 1462 335 1547 ἀρχῆς
358 1464 397 1527 δέ
418 1488 457 1547 με
481 1466 604 1547 βλάψαι
628 1462 785 1547 ἐλόμενος
806 1463 861 1529 καὶ
882 1472 947 1529 νῦν
966 1464 1118 1547 ἔβλαψας.
1157 1468 1302 1541 σπονδάς
1322 1466 1385 1550 γάρ

234 1586 290 1645 μοι
311 1562 485 1645 τιθέμενος
509 1568 618 1645 ἔτυχες
645 1562 685 1625 ἀν
710 1562 911 1647 ἠδικημένου
933 1562 988 1627 καλ
1013 1566 1236 1645 νενικηκότος·
1261 1566 1385 1629 άσπον-

235 1662 297 1725 δον
321 1658 356 1725 δὲ
385 1664 509 1725 σαυτόν
538 1684 571 1725 τε
600 1660 654 1725 καὶ
682 1664 760 1737 τοὺς
785 1664 906 1743 φίλους
933 1659 1116 1743 ἐπιτρέπων
1145 1662 1224 1744 ἡμῖν
1246 1660 1300 1727 καὶ
1325 1664 1385 1727 τὸν

234 1760 375 1845 στρατὸν
396 1760 520 1847 ἀφαιρῇ
539 1754 601 1841 μὲν
618 1772 729 1823 πᾶσαν
748 1760 861 1843 ὀργήν,
883 1760 1009 1845 ἀφαιρῇ
1025 1754 1061 1823 δὲ
1075 1758 1130 1823 καλ
1146 1760 1208 1842 τὴν
1221 1760 1384 1843 ἐξουσίαν,

232 1856 275 1939 ἣν
304 1860 526 1941 σπενδόμενος
553 1856 596 1923 ἀν
622 1856 745 1935 ἔδωκας
775 1856 831 1921 ὑπ’
858 1856 1012 1941 ἀνάγκης.
1048 1857 1292 1941 συμπέπλεκται
1321 1861 1383 1943 γάρ

193 1974 218 2015 15
234 1948 284 2033 οἷς
316 1954 412 2033 ἀξιον
442 1956 527 2039 ὑμᾶς
554 1964 678 2021 παθεῖν
712 1958 747 2021 τὸ
782 1966 953 2039 προσῆκον
983 1948 1032 2021 ὧν
1065 1952 1120 2039 ε’με
1155 1958 1287 2021 δίκαιόν
1315 1956 1384 2021 ἐστι

232 2064 349 2119 ποιεῖν.
387 2054 405 2119 ὃ
429 2054 470 2137 δη
498 2058 689 2141 προτιμήσω
715 2056 771 2119 διά
793 2078 828 2117 τε
850 2058 929 2129 τοὺς
953 2058 1055 2129 θεοὺς
1083 2054 1139 2119 καλ
1167 2054 1211 2119 δι’
1239 2054 1385 2137 ε’μαυτὸυ

232 2152 288 2219 καὶ
316 2154 370 2217 διά
401 2152 446 2235 σε’,
472 2150 495 2219 ὦ
523 2156 657 2237 Λεύκιε,
685 2152 738 2219 καὶ
765 2152 803 2219 ού
829 2154 940 2230 ψεύσω
965 2172 1001 2219 σε
1024 2162 1082 2235 τῆς
1103 2156 1317 2237 προσδοκίας,
1340 2153 1383 2235 ἣν

233 2256 316 2335 ἔχων
341 2250 415 2337 περὶ
439 2252 520 2335 ἐμοῦ
543 2252 794 2335 κατεληλυθας’.

325 2354 434 2413 Ταῦτα
468 2348 528 2433 μὲν
559 2346 672 2429 ἔλεξαν
707 2350 873 2435 ἀλληλοις,
907 2350 952 2423 ὡς
979 2348 1016 2415 ἐκ
1042 2362 1108 2415 τῶν
1138 2350 1383 2433 ὑπομνημάτων

192 2442 275 2530 λινῆν
298 2446 331 2524 ἐς
355 2450 390 2514 τὸ
416 2450 560 2514 δυνατὸν
586 2450 683 2532 τῆσδε
709 2460 764 2532 τῆς
789 2459 904 2532 φωνῆς
919 2450 1118 2532 μεταβαλεῖν
1138 2449 1383 2536 τεκμαιρομένῳ

232 2559 289 2632 τῆς
311 2549 442 2632 γνώμης
467 2559 534 2612 τῶν
556 2545 770 2632 λελεγμένων.
799 2547 854 2614 καὶ
878 2549 1106 2632 διεκρίθησαν,
1132 2547 1230 2630 ὁμὲν
1250 2553 1380 2634 Καῖσαρ

232 2645 268 2710 ἐν
301 2645 423 2732 ε’παίνφ
458 2645 510 2712 καὶ
548 2649 695 2730 θαύματι
729 2647 788 2712 τὸν
823 2649 967 2712 Λεύκιον
998 2649 1098 2730 ἔχων,
1132 2643 1232 2712 οὐδὲν
1270 2647 1313 2724 ὡς
1344 2643 1382 2712 ἐν

232 2757 419 2828 συμφοραῖς
444 2741 579 2828 ἀγεννὲς
603 2745 674 2810 οὐδ’
704 2745 866 2810 ἀσύνετον
891 2747 1038 2828 εἰπόντα,
1063 2741 1137 2812 ὅδὲ
1156 2745 1298 2820 Λεύκιος
1321 2747 1382 2810 τὸν

232 2847 386 2928 Καίσαρα
409 2853 469 2908 τοῦ
491 2867 527 2908 τε
549 2845 658 2922 ἤθους
679 2843 734 2910 καλ
759 2847 989 2928 βραχυλογίας.

190 2959 216 3000 τε
321 2939 399 3008 12*.
424 2947 504 3006 Suet.
523 2949 600 3022 Ααρ.
615 2949 659 3006 62
682 2945 756 3006 Cum
781 2945 837 3006 hac
859 2943 1050 3023 [Scribonia]
1077 2965 1194 3024 quoque
1217 2945 1380 3006 diuortium
1398 2941 1452 3018 δῖ,

230 3045 311 3118 fecit,
337 3053 502 3124 μοιιεοουε,
527 3051 559 3106 ut
584 3045 699 3122 scribit,
723 3063 841 3104 morum
863 3045 1092 3122 peruersitatem
1116 3045 1195 3123 εῖοε,
1222 3063 1257 3104 ae
1279 3047 1380 3106 statim
1400 3029 1431 3078 71

231 3141 346 3204 Liuiam
364 3141 523 3204 Drusillam
541 3145 728 3204 matrimonio
748 3141 849 3202 Tiberi
867 3141 994 3202 Neronis
1020 3150 1048 3202 et
1072 3141 1191 3222 quIdem
1213 3161 1379 3222 praegnan-

230 3248 289 3300 λου]
312 3241 441 3300 abduxit.

319 3333 374 3402 13.
400 3341 476 3416 Αγμ.
487 3343 575 3418 [λίην.
588 3343 629 3402 14
638 3361 670 3418 μ.
681 3339 746 3402 358
763 3339 864 3400 λίευά.
886 3334 942 3398 Ἐν
957 3333 992 3400 δὲ
1008 3345 1077 3412 τοῖς
1090 3337 1302 3420 ὑπομνήμασι
1318 3345 1378 3400 τοῦ
1396 3300 1451 3438 5}

190 3453 216 3490 30
232 3435 389 3518 δευτέρου
409 3437 578 3520 Καίσαρος
601 3447 660 3500 τοῦ
684 3433 867 3518 κληθέντος
886 3431 941 3498 καὶ
961 3437 1135 3518 Σεβαστοῦ
1157 3437 1377 3519 παλαιότερον

229 3531 289 3614 μὲν
313 3529 414 3598 οὐδὲν
438 3533 512 3600 οὐδ’
539 3533 575 3598 ἐν
603 3537 714 3600 τοῖσδε
737 3531 813 3618 περὶ
841 3535 996 3596 Παιόνων
1015 3527 1131 3617 ηὗρον,
1147 3531 1323 3615 Ἰλλυριῶν
1340 3533 1381 3596 δέ

228 3657 285 3714 μοι
305 3635 458 3714 φαίνεται
477 3631 578 3718 χωρὶς
595 3645 662 3698 τῶν
680 3631 864 3720 εἰρημένων
884 3632 994 3696 ἐθνῶν
1018 3631 1073 3696 καλ
1096 3631 1193 3714 ἔτερα
1211 3631 1377 3712 Ῥωμαίων

228 3737 489 3816 προύπακοῦσαι.
529 3729 583 3794 καὶ
611 3733 699 3806 ὅπως
726 3729 786 3816 μὲν
815 3731 876 3794 οὑκ
904 3727 1012 3810 ἔγνων
1035 3726 1090 3814 (οὐ
1113 3733 1176 3812 γάρ
1203 3731 1377 3816 ἀλλοτρίας

229 3825 362 3914 πράξεις
391 3831 407 3894 ὁ
437 3831 620 3912 Σεβαστός,
655 3829 737 3894 ἀλλὰ
767 3831 824 3904 τάς
851 3827 971 3894 ἑαυτοῦ
1003 3827 1237 3916 συνέγραφεν),
1271 3831 1314 3906 ὡς
1341 3827 1372 3892 δ’

317 3999 345 4054 5.
373 3993 444 4054 ὄντα
472 3997 540 4054 libra·
567 4013 617 4054 τω.
637 3995 888 4070 δολιυεῖηλιοεαουν
1002 3997 1050 4052 10.
1080 3993 1195 4074 βλάψαι
1216 3997 1375 4056 Μευάελεε.

226 4083 352 4162 βλάψειν
376 4087 445 4144 λίθοι’
546 4087 596 4144 11.
619 4107 668 4160 μοι
694 4103 746 4144 om.
768 4085 851 4144 Mon.
872 4085 935 4144 Vat.
1036 4087 1086 4142 14.
1110 4083 1208 4142 ἔδωκα
1228 4085 1299 4144 libra·
1323 4103 1374 4144 ενα

225 4173 378 4248 θολιιτῖγλ,
473 4179 523 4234 15.
550 4183 703 4254 προσηκον
725 4177 779 4236 ἀεί.
802 4175 918 4248 Μαερν.
1000 4175 1048 4232 18.
1077 4173 1206 4251 ἐμαυτοῦ
1228 4175 1298 4234 ίῖόυί
1322 4194 1374 4234 em,

227 4263 334 4322 Νωιισλ·
424 4267 474 4324 19.
498 4273 556 4322 τῶν
581 4263 800 4344 ὑπομνημάτων
827 4266 844 4322 ί
847 4271 906 4322 τῶν
929 4261 1100 4340 Καίσαρυς>
1123 4265 1281 4324 Μυκάτίεε.

315 4345 371 4430 13,
394 4357 443 4412 34.
469 4351 669 4434 συγγέγραφεν
691 4357 763 4414 νοντ’,
778 4353 936 4413 Μεκδείεε.
1019 4348 1058 4422 ὥς
1078 4351 1114 4428 δὴ
1135 4355 1182 4411 καί
1201 4351 1239 4422 ὡς
1258 4351 1308 4412 καὶ
1326 4355 1374 4412 καί

226 4437 257 4512 ‘dg
281 4439 331 4500 καὶ
352 4443 507 4518 δολωθλγίι.
