3234 4950
277 331 321 394 34
678 331 836 386 CORNELI
855 329 1009 384 NEPOTIS

275 517 403 580 namque
432 499 522 560 adicit
547 499 628 558 idern
655 499 755 578 Nepos
780 499 910 576 primum
941 501 1009 558 totis
1037 497 1158 558 aedibus
1188 499 1298 556 nullam
1326 501 1385 558 nisi
1411 517 1427 556 e

276 617 423 658 marmore
457 599 625 658 columnam
656 597 795 658 habuisse
829 607 858 658 et
890 599 986 658 omnis
1019 595 1128 658 solidas
1160 615 1177 656 e
1210 595 1341 674 Carystio
1377 607 1427 656 aut

275 695 427 756 Luniensi.
1180 739 1181 742 ,

366 790 450 856 25³³.
473 799 552 856 Plio.
571 815 600 855 n.
619 799 647 856 h.
670 794 821 855 XXXVI
839 795 882 854 59
914 793 1067 872 (ingehem
1098 795 1130 852 in
1157 793 1282 852 Arabiae
1312 799 1427 856 tantum

275 893 426 954 montibus
468 913 525 952 nec
562 911 690 970 usquam
724 891 816 952 aliubi
857 895 940 952 nasci
975 899 1120 970 putauere
1160 895 1257 952 nostri
1297 899 1452 970 ueteres‚a

277 990 404 1052 Sudines
436 995 467 1052 in
497 991 659 1052 Carmania.
704 991 830 1068 potoriis
862 991 993 1070 primum
1022 991 1104 1050 uasis
1133 991 1201 1048 inde
1231 991 1328 1068 Iactis
1359 991 1427 1050 dein

274 1087 402 1168 pedihus
430 1091 576 1150 lectorum
604 1089 746 1168 sellisque
773 1087 873 1166 Nepos
899 1087 1054 1148 Cornelius
1082 1087 1173 1148 tradit
1199 1107 1306 1166 magno
1334 1087 1427 1150 luisse

275 1189 417 1247 miraculo
424 1235 433 1266 ,
461 1207 529 1248 cum
560 1189 589 1247 P.
614 1186 758 1246 Lentulus
785 1185 927 1264 Spinther
960 1187 1117 1264 amphoras
1149 1205 1184 1246 ex
1217 1207 1253 1246 co
1286 1185 1428 1264 Chiorum

276 1285 478 1362 magnitudine
500 1285 641 1346 cadorum
658 1285 846 1362 ostendisset,
867 1291 934 1364 post
953 1285 1191 1364 quinquennium
1205 1283 1312 1344 deinde
1327 1297 1428 1344 XXXII

275 1383 387 1462 pedum
407 1383 601 1462 longitudinis
627 1383 777 1444 columnas
802 1383 914 1444 uidisse
941 1401 979 1444 se.
1007 1461 1008 1464 Ἴ
1441 1399 1465 1438 10

366 1479 450 1544 26³3.
473 1485 573 1544 Prisc.
593 1483 676 1540 VIII
690 1483 733 1540 17
748 1501 781 1558 p.
802 1481 924 1542 38311.
953 1481 1065 1560 Nepos:
1087 1481 1177 1542 Aedis
1200 1481 1302 1540 Martis
1327 1491 1373 1542 est
1394 1483 1427 1540 in

275 1583 354 1642 circo
379 1581 522 1642 Flaminio
547 1579 740 1642 architectata
763 1579 799 1640 ab
823 1579 1006 1642 Hermodoro
1030 1579 1198 1640 Salamlnio.

542 1761 597 1818 Du
621 1751 782 1818 VITAJM.
803 1759 924 1820 TVLLI
949 1759 1157 1820 CICERONIS

367 1899 400 1966 l.
428 1907 501 1964 Gell.
520 1903 587 1962 XV
600 1903 652 1977 28,
668 1905 688 1962 1
711 1903 868 1962 Cornelius
891 1903 990 1980 Nepos
1014 1913 1043 1962 et
1063 1921 1162 1962 rerum
1183 1903 1342 1962 memoriae
1367 1921 1427 1962 uon

275 2001 437 2080 indiligens
464 2010 495 2062 et
517 2000 554 2060 M.
574 1999 725 2062 Ciceronis
753 2008 786 2060 ut
812 2003 861 2080 qui
889 2003 1016 2062 maxime
1045 2003 1155 2060 amicus
1186 1999 1346 2060 familiaris
1364 2003 1427 2062 luit.
1527 1987 1528 1998 ¹

276 2107 364 2178 atque
388 2101 414 2160 is
439 2109 537 2160 tamen
560 2101 591 2158 iu
614 2099 759 2160 libromm
780 2101 887 2178 primo,
911 2119 985 2178 quos
1010 2099 1045 2158 de
1070 2099 1131 2158 uita
1151 2099 1233 2158 illius
1253 2101 1426 2178 composuit,
1441 2119 1466 2158 15

277 2215 394 2258 errasse
420 2197 555 2278 uidetur,
583 2217 650 2258 cum
679 2217 748 2258 eum
775 2197 895 2276 scripsit
923 2205 984 2258 tres
1013 2203 1042 2258 et
1070 2197 1177 2274 uigInti
1205 2215 1299 2256 annos
1324 2207 1427 2258 natum
1526 2213 1528 2314 q

205 2299 406 2374 -primum
436 2316 555 2356 causam
580 2297 686 2356 iudicii
706 2295 819 2374 publici
842 2299 939 2374 egisse
963 2295 1144 2374 Sextumque
1168 2295 1308 2354 Roscium
1331 2299 1426 2374 parri·
1526 2315 1528 2398 Ι

233 2465 245 2494 r
278 2395 348 2454 cidii
372 2413 458 2456 reum
481 2395 657 2454 defendisse.
1527 2399 1528 2434 l

205 2463 260 2543 L}
367 2490 425 2557 2²¹².
455 2497 582 2555 Hieron.
601 2503 711 2555 contra
734 2496 842 2554 Ionan.
863 2496 1011 2555 Hierosol.
1031 2514 1057 2555 e.
1076 2496 1128 2555 12.
1156 2496 1197 2555 II
1206 2514 1241 2571 p.
1261 2494 1326 2553 419
1354 2498 1425 2555 Vull.

275 2592 380 2653 Refert
406 2595 485 2652 enIm
515 2592 670 2652 Cornelius
697 2590 796 2671 Nepos
825 2610 856 2651 se
885 2600 1041 2671 praesente
1070 2592 1176 2651 iisdem
1198 2612 1292 2671 paene
1316 2594 1425 2673 uerbis,
1440 2614 1465 2651 ro

277 2690 385 2769 quibus
403 2692 481 2753 edita
502 2699 555 2771 est,
578 2710 642 2751 eam
664 2708 718 2769 pro
739 2690 884 2769 Cornelio,
908 2690 1049 2781 seditioso
1069 2690 1197 2771 tribuno,
1223 2690 1425 2753 defensionem
1525 2760 1526 2765 .

275 2799 452 2867 peroratam.

369 3108 401 3175 l.
424 3110 847 3185 11011111111111110
876 3110 972 3191 Nepos
995 3112 1147 3173 Cornelius
1173 3110 1208 3171 ad
1233 3110 1359 3171 eundem
1379 3110 1426 3171 Ci-

277 3230 415 3271 ceronem
439 3214 480 3271 ita
504 3210 625 3269 scribit:
647 3210 775 3269 Tauium
799 3210 890 3291 abest,
913 3220 947 3271 ut
970 3230 1023 3289 ego
1048 3212 1218 3289 magistram
1240 3228 1305 3269 esse
1323 3218 1425 3287 putem

320 3382 416 3509 32726.
436 3384 490 3437 Est
502 3390 597 3437 uotum
610 3386 738 3451 templum
752 3400 770 3436 c
783 3384 876 3439 Bruto
890 3384 1011 3437 Callaico
1025 3380 1224 3455 6031381611·
1242 3382 1275 3449 ef.
1293 3382 1428 3439 Muenaer

274 3472 303 3523 p.
378 3500 383 3509 .

359 3628 525 3699 .1.nep0st
548 3626 630 3683 codd.
640 3628 735 3695 preci
751 3624 779 3679 B
869 3626 984 3701 primus
1007 3626 1037 3683 B
1106 3626 1133 3683 3.
1157 3626 1291 3701 luniense
1316 3624 1344 3681 B

367 3706 425 3791 25,
452 3716 479 3773 6.
503 3716 617 3789 potoris
637 3714 665 3769 B
778 3714 807 3770 8.
831 3716 949 3789 spinten
971 3716 1052 3773 Rieu.
1085 3716 1198 3789 spisieu
1219 3716 1299 3773 Voss,

279 3806 330 3863 10.
352 3802 539 3881 longitudine
563 3802 642 3861 nul.

368 3886 427 3971 26,
454 3896 503 3951 11.
526 3892 614 3951 aedes
638 3892 727 3951 Rern.
843 3896 892 3951 11.
918 3892 1061 3951 arciteeia
1082 3894 1190 3953 Burni).
1209 3912 1237 3951 o.
1257 3908 1329 3951 corr.

277 3984 431 4041 ermodoro
450 3982 588 4055 Lacydon.
613 3980 750 4039 ermodro
766 3980 897 4053 Soapctt.
967 3984 1139 4041 *aluminio
1159 3984 1256 4041 Porio.
1271 3982 1295 4039 I
1310 4000 1335 4041 u.
1352 4000 1425 4041 corr.

277 4071 467 4129 salamininio
492 4072 597 4128 Rama.
622 4070 768 4127 solamino
790 4070 880 4145 Sonp.

369 4154 402 4239 l,
428 4161 477 4219 15.
503 4160 648 4235 quamde
672 4160 793 4233 Repll
869 4160 961 4237 ipsius
992 4162 1071 4221 Voce.
1086 4160 1115 4217 Z
1223 4162 1270 4217 11,
1296 4162 1426 4235 primum

277 4250 347 4309 Par.
371 4253 501 4325 primam
522 4256 582 4309 cedi.
601 4250 682 4307 codd.

370 4334 402 4418 1,
427 4343 477 4399 24.
503 4359 558 4415 ego
580 4356 635 4397 orn.
655 4340 767 4399 Volent.

342 2972 397 3029 EX
419 2970 627 3029 EPISTVLIS
650 2967 826 3029 CORNELI
848 2968 1019 3037 NEPOTIS
1046 2972 1098 3029 AD
1126 2966 1357 3029 CICERONEM

1521 4622 1523 4631 t

1521 4644 1522 4657 t

1521 4658 1523 4675 1
