3234 4950
574 367 613 419 u.
627 363 781 418 annuus
801 363 929 420 cronno
1281 389 1328 432 xv

178 545 268 604 etiam
300 539 439 598 debuerit
466 537 627 595 historiam
659 537 754 606 diptta
785 549 862 592 uoce
883 535 1106 606 pronuntiare,
1136 537 1247 610 quippe
1279 539 1330 608 put

180 639 348 702 oratoriam
372 635 573 710 eloquentiam
592 633 700 690 rudem
720 649 740 690 a
756 631 927 690 maioribus
945 637 1104 704 acceptam
1115 635 1331 708 perpotiuerit,

105 757 108 760 ⁴
170 735 395 816 puttosopnian
433 740 504 792 ante
542 747 609 792 eum
643 733 827 804 incomptam
862 729 1003 786 Latinam
1036 747 1094 788 sua
1126 729 1330 806 conformant

177 835 323 896 oratione.
346 849 386 890 eu
405 848 464 906 quo
485 831 599 902 dubito,
618 831 743 888 interitu
762 831 827 886 eius
847 833 947 886 utrum
969 829 1160 902 respublica
1176 847 1216 888 an
1237 831 1328 888 bisto-

178 935 229 994 m‘a
251 932 350 1003 napis
369 931 479 990 doleat.
514 929 565 988 cui
586 925 670 985 laudi
691 945 746 986 nos
769 921 890 1004 quidem
916 923 1012 984 facere
1039 943 1097 984 nou
1118 945 1278 1004 possumus
1297 933 1330 986 nt

177 1029 387 1092 adsentiamur.
426 1045 495 1086 nam
524 1041 599 1104 quae
627 1025 692 1084 eius
722 1025 821 1102 opinio
853 1023 887 1082 de
917 1023 1039 1082 historia
1067 1023 1136 1102 luit,
1167 1043 1241 1104 quae
1264 1027 1329 1104 ipse

179 1129 212 1188 de
243 1127 453 1184 commentario
484 1143 537 1182 suo
566 1121 722 1200 gloriatur,
750 1125 806 1180 arti
832 1139 914 1200 eum,
937 1127 971 1180 ut
994 1139 1064 1180 suae
1090 1125 1193 1182 aetatis
1219 1121 1328 1184 iudicio

177 1231 363 1302 occupatum,
384 1223 481 1300 magis
504 1239 593 1300 quam
616 1221 738 1278 ueritati
759 1221 944 1278 semitarum
970 1219 1061 1278 luisse
1087 1229 1209 1280 constat.
1219 1215 1243 1304 ¹)

263 1317 444 1398 Appendicis
462 1319 527 1380 loco
548 1335 627 1378 nunc
647 1320 737 1378 etiam
753 1323 970 1396 poematum,
991 1335 1064 1394 quac
1086 1335 1175 1396 supra
1194 1323 1329 1398 tractatui,

177 1425 340 1498 fragmenta
361 1417 556 1497 enumerabo,
573 1419 752 1495 praesertim
776 1435 845 1476 cum
868 1433 906 1474 ne
930 1415 1128 1476 Baehrensius
1155 1417 1273 1496 quidem
1298 1419 1328 1476 iu

177 1517 363 1596 Fragmentis
393 1525 550 1594 poctarum
580 1515 783 1574 Romanorum
820 1521 902 1574 recte
936 1531 969 1572 ea
1003 1513 1180 1576 distinxerit.
1232 1535 1328 1596 neque

177 1627 275 1680 tamen
301 1618 366 1674 sine
388 1613 580 1676 dubitatione.
619 1615 730 1674 etenim
752 1615 816 1691 ipse
843 1611 877 1672 de
902 1611 993 1672 Mario
1017 1613 1049 1672 in
1067 1617 1220 1690 prooemio
1240 1615 1328 1674 libro-

177 1735 243 1776 rum
266 1713 304 1774 de
326 1713 442 1794 legibus
466 1713 503 1786 (l
522 1713 602 1789 Ad)
625 1713 698 1772 alias
723 1713 754 1770 in
776 1711 899 1770 historia
925 1709 1124 1770 obseruandas
1150 1731 1216 1772 esse
1240 1713 1328 1792 leges,

177 1815 248 1874 alias
270 1815 303 1872 in
324 1821 460 1890 poemate
486 1814 630 1890 exposuit,
655 1829 724 1870 cum
746 1811 778 1868 in
801 1809 853 1868 illa
875 1809 975 1870 omnia
999 1809 1036 1868 ad
1057 1811 1217 1870 ueritatem
1237 1813 1328 1872 reler-

177 1920 289 1990 rentur,
312 1912 343 1968 in
367 1911 425 1970 hoc
447 1909 485 1968 ad
507 1909 736 1970 delectationem
756 1905 914 1986 pleraque,
937 1905 1017 1968 idem
1042 1915 1138 1968 tamen
1164 1929 1268 1988 poema
1294 1909 1329 1968 de

177 2007 330 2070 coassulatu
350 2027 403 2068 suo
427 2011 506 2068 inter
530 2005 680 2088 ἱστορικά
700 2013 839 2066 numerat
859 2007 917 2080 (acl
932 2007 992 2066 Att.
1013 2007 1036 2064 I
1054 2007 1106 2082 19,
1123 2007 1188 2080 10).
1234 2007 1328 2070 delec-

177 2110 318 2169 tationem
346 2113 445 2166 autem
474 2109 602 2166 maxime
629 2105 698 2166 inde
728 2105 861 2184 petebat,
889 2103 969 2184 quod
996 2107 1101 2164 resin
1127 2111 1209 2166 terra
1233 2115 1328 2184 gestas

177 2225 245 2268 cum
273 2203 451 2266 caelestibus
483 2205 635 2264 coniunxit
664 2212 693 2264 et
721 2221 809 2280 saepe
838 2201 938 2262 multis
968 2203 1069 2262 uerbis
1099 2203 1169 2264 deos
1199 2205 1327 2286 deasque

176 2307 329 2382 loquentes
355 2304 434 2382 lecit,
455 2303 542 2364 uelut
561 2301 700 2362 Vraniam
725 2303 755 2360 in
780 2301 872 2360 altero
896 2301 986 2380 libro,
1010 2301 1162 2382 Calliopen
1184 2305 1217 2364 in
1241 2307 1328 2364 tertio

177 2405 214 2464 ete
245 2405 419 2478 consulatu,
447 2400 615 2481 Apollinem
643 2403 677 2460 iu
708 2399 801 2460 altero
835 2403 872 2460 de
907 2403 1090 2477 temporibus
1116 2405 1192 2481 suis,
1228 2403 1327 2462 Iouem

175 2506 274 2581 ipsum
298 2504 328 2561 in
360 2506 506 2578 extremo,
538 2499 626 2579 ‘quiae
657 2499 715 2559 sibi
745 2506 866 2559 secutus
898 2498 1042 2577 quaedam
1066 2498 1247 2561 Graecorum
1280 2522 1327 2563 ex·
1355 2492 1356 2495 ¹

177 2600 272 2679 empla
295 2596 484 2677 permiserat’
504 2600 624 2671 (Quint.
638 2599 693 2659 XI
708 2598 738 2673 t,
752 2598 819 2671 24).
853 2616 910 2677 qua
933 2598 1097 2657 imitatione
1120 2616 1175 2677 per
1198 2618 1232 2659 se
1254 2600 1326 2659 ridi-

177 2697 251 2777 cula,
259 2698 318 2777 ipsi
328 2698 526 2759 uehementer
537 2696 661 2777 probata
676 2696 748 2756 duas
762 2716 812 2755 res
827 2696 986 2757 adsecutus
1000 2704 1054 2775 est,
1064 2704 1099 2755 ut
1114 2704 1142 2755 et
1159 2698 1260 2759 diuino
1279 2718 1328 2759 ore

176 2796 288 2875 largius
308 2813 338 2855 se
359 2798 455 2875 ipsum
476 2794 611 2857 laudaret
627 2794 790 2874 laudesque
811 2796 894 2873 quasi
917 2794 1058 2855 diuimms
1078 2796 1210 2857 seticiset
1231 2804 1259 2857 et
1280 2816 1327 2857 res

177 2896 265 2955 etiam
284 2894 478 2955 inferioribus
491 2893 677 2973 temporibus
694 2901 802 2971 gestes,
822 2896 850 2953 si
863 2892 1001 2971 placeret,
1022 2896 1184 2971 praesagiis
1201 2898 1327 2955 carmini

177 3012 230 3053 suo
244 2996 398 3053 insereret.
423 2992 506 3055 uelut
519 2992 552 3053 A.
563 2991 722 3052 Gabinium
736 2999 765 3051 et
779 2992 810 3051 L.
820 2992 968 3071 Pisonem,
982 3010 1049 3051 cum
1063 2998 1183 3069 prraeter
1193 2992 1326 3055 Clodium

177 3094 304 3151 maxime
323 3090 422 3151 exsilii
439 3099 575 3151 auctores
596 3090 792 3169 fuissentne
814 3090 920 3151 ulcisci
939 3092 1101 3169 constitnit,
1120 3096 1154 3149 ut
1172 3094 1202 3151 in
1224 3110 1327 3151 secun·

178 3190 248 3249 dum
268 3188 380 3249 librum
404 3194 443 3251 ae
466 3192 651 3265 temporibus
670 3189 834 3267 Apollinem
855 3188 1020 3249 includeret
1042 3186 1210 3269 dicentem,
1234 3190 1328 3269 qualis

177 3286 292 3349 reditus
319 3288 445 3349 duorum
471 3292 685 3367 imperatorum
708 3286 825 3349 futurus
852 3294 938 3365 esset,
966 3304 1092 3367 quorum
1116 3286 1189 3349 alter
1216 3292 1327 3349 enerci-

176 3394 240 3445 tum
252 3386 435 3466 perdidisset
447 3380 556 3470 (Piso),
570 3386 646 3447 alter
659 3386 845 3447 uendidisset
857 3378 969 3469 (Gany
987 3388 1044 3457 (acl
1060 3386 1092 3457 Q.
1101 3388 1142 3463 fr.
1154 3388 1211 3447 lta·
1223 3388 1249 3463 l,
1260 3388 1326 3463 24).

176 3486 224 3545 bic
249 3486 327 3545 enim
353 3484 467 3547 reditus
489 3504 523 3546 ex
542 3486 705 3565 prouinciis
726 3484 897 3545 foedissime
918 3484 1025 3543 habitis
1046 3504 1068 3543 a.
1086 3480 1214 3547 aalide
1234 3486 1327 3547 sactus

178 3591 231 3643 est.
276 3582 405 3661 denique
434 3592 470 3643 ut
500 3584 536 3643 de
565 3586 630 3661 ipsa
660 3586 744 3661 poesi
774 3584 810 3643 ad
843 3582 1038 3643 Ribbeckium
1068 3584 1169 3655 (Rom.
1188 3586 1333 3645 arenul

177 3682 332 3757 296sqp.)
358 3700 509 3760 reuocem,
537 3684 634 3761 primo
665 3684 797 3743 carmine
821 3700 854 3741 se
876 3688 911 3741 ut
934 3680 1041 3741 ducem
1062 3688 1250 3761 tutoremque
1276 3682 1326 3743 bo-

177 3798 296 3858 norum,
326 3796 453 3857 quorum
486 3778 605 3841 ‘lamam
633 3778 807 3859 laudesque'
843 3798 961 3859 semper
991 3782 1133 3859 auxisset,
1165 3780 1326 3841 celebrauit

176 3878 419 3955 praedicauitque
441 3879 593 3959 multaque
616 3880 647 3937 in
672 3898 706 3939 eo
726 3880 837 3957 scripta
858 3898 923 3937 esse
943 3874 1244 3959 ‘aptocoupaccucbg'
1264 3880 1325 3959 glo-

177 3977 587 4053 riatur(addtt.l13,4).
624 3978 689 4057 ipsa
710 3985 811 4039 tamen
835 3996 923 4057 opera
947 3976 1068 4055 indigna
1090 3978 1144 4037 luit
1164 3986 1243 4039 tanto
1267 3982 1325 4039 uiri

177 4078 310 4153 nomine,
337 4078 504 4153 arrogantia
534 4084 563 4135 et
589 4076 748 4135 insolentia
770 4078 870 4135 nimia.
909 4078 1007 4153 itaque
1033 4073 1082 4135 alii
1107 4072 1275 4157 ([Sallust]
1294 4082 1325 4139 in

265 4232 293 4299 1)
309 4228 374 4285 th.
393 4228 500 4283 Berndt
528 4218 599 4285 [lber
624 4230 731 4285 Ciceros
751 4230 869 4285 Ausicbt
892 4246 944 4285 nonu
969 4230 1015 4285 der
1038 4228 1196 4285 (ieseticlute.
1230 4232 1325 4299 Progr.

177 4324 269 4375 gymn.
290 4310 454 4363 Attendorn.
476 4316 554 4363 1880.
595 4312 619 4363 J.
634 4310 759 4379 Zingler‚
784 4312 827 4365 De
849 4312 974 4363 Oiccroue
996 4312 1123 4363 lur'storu'co
1147 4312 1324 4377 quaestiones.

177 4386 248 4442 Dies.
262 4388 355 4445 Berol.
372 4396 448 4445 1900.
488 4390 519 4445 H.
535 4392 619 4445 Peter
637 4392 731 4446 Gesclu
747 4390 872 4445 Liberi
893 4396 926 4443 10
937 4408 987 4459 sq,
1007 4390 1032 4441 ΙΙ
1052 4394 1109 4443 181.
