3234 4950
236 382 353 427 CLXXX
485 376 532 431 DE
555 374 783 427 scalptoribus
803 372 896 427 turis
917 374 961 427 ET
982 372 1139 427 scurrus

234 564 302 607 eum
327 544 436 603 librum
460 544 551 621 misit,
571 544 684 601 ineerta
703 542 756 601 es't.
790 544 832 599 sic
853 551 951 601 autem
971 560 1040 601 eum
1060 540 1219 619 alloquitur
1238 542 1386 616 (proef.):

232 646 375 719 priuus
403 644 446 701 M.
465 644 562 701 Fabio
587 644 755 715 plurimum
783 642 831 697 soi
848 650 920 699 tem.
952 642 1020 699 Etsi
1049 648 1077 699 te
1103 642 1203 699 studio
1231 658 1385 713 prommo·

233 748 315 801 ticoe
347 744 425 799 ortis
453 742 624 817 inductum)
652 756 711 799 riom
742 742 835 797 sotum
864 756 1007 798 uersuum
1039 742 1263 811 moderatione,
1296 756 1386 811 quem

226 844 327 915 ponci
342 840 560 913 perculerunt,
583 838 639 895 sed
659 838 860 895 historiarum
883 854 1002 910 quoque
1024 840 1187 910 uarietate,
1206 854 1267 909 quc
1286 840 1384 895 scieu-

233 942 276 997 tic
292 954 395 997 rerum
403 940 605 1011 perspicitur,
614 942 780 1009 proestare
801 936 899 1008 uideo,
916 952 995 1009 quoe
1009 934 1137 1009 facilius
1151 938 1244 993 etium
1261 938 1386 1009 sempt‘s

233 1040 294 1095 tuis
316 1038 456 1111 perspici
475 1042 586 1109 potest,
617 1036 795 1093 desiderans
816 1038 923 1107 potius
944 1038 1088 1093 scientem
1113 1050 1203 1105 quom
1229 1034 1386 1093 iiherciem

232 1136 380 1211 iudicem,
409 1140 509 1191 tumen
533 1166 575 1171 —-
599 1134 656 1191 hoc
686 1136 768 1191 uelut
797 1135 968 1191 rudimento
996 1135 1143 1190 scientiae
1168 1134 1251 1189 misus
1273 1134 1386 1207 scripsi

233 1234 276 1291 oti
294 1240 330 1303 16,
345 1248 404 1291 non
426 1238 458 1289 ut
478 1234 617 1305 imperito
637 1238 810 1289 monstrans
821 1234 878 1289 seri
889 1240 924 1289 ut
936 1234 1169 1289 scientissimum
1187 1246 1383 1287 commoneris.

233 1330 288 1387 luit
313 1330 403 1405 igitur
424 1330 632 1405 grammaticus
653 1336 683 1387 61
701 1328 760 1387 iam
783 1328 923 1387 uersibus
941 1326 1131 1387 moderandis
1154 1330 1174 1385 i.
1193 1344 1218 1385 6.
1240 1326 1384 1387 iaciendis

233 1434 282 1487 aut
313 1426 346 1485 ad
377 1434 469 1487 artem
499 1426 659 1485 tractandis
689 1424 825 1501 florebat,
855 1444 923 1485 curu
945 1426 1078 1503 Hyginus
1108 1424 1283 1483 adulescens
1311 1424 1385 1485 illud

233 1524 436 1585 rudimentum
466 1526 609 1583 scientiae
640 1542 708 1583 suae
745 1522 935 1585 scribendum
966 1524 1113 1601 suscepit,
1144 1541 1202 1601 qua
1237 1522 1271 1581 de
1297 1542 1385 1583 causa

232 1626 312 1681 16161
335 1622 443 1681 Gellius
472 1624 604 1699 aliosque
634 1624 697 1681 eius
722 1624 825 1681 aetatis
850 1624 1011 1700 scriptores
1036 1622 1133 1681 locutu
1163 1640 1250 1681 suurn
1272 1621 1383 1681 habere

231 1724 339 1799 potuit,
369 1720 427 1781 hue
451 1730 550 1779 autem
574 1738 612 1779 ue
635 1720 848 1797 imperatorum
874 1720 944 1779 ordo
967 1722 1248 1798 interrumperetur,
1271 1727 1383 1779 retrac-

230 1828 279 1879 tus
315 1828 367 1879 661.
404 1838 582 1897 quamquam
616 1836 687 1877 num
720 1820 838 1877 omnino
871 1838 939 1878 eum
966 1826 1049 1877 recte
1075 1820 1244 1897 receperim
1271 1816 1382 1877 dubito.

231 1936 300 1975 uam
325 1918 413 1975 etiam
437 1916 569 1995 Hyginus
594 1936 681 1975 suum
704 1936 778 1993 opus
801 1912 961 1977 ‘historias'
985 1911 1153 1998 dictt1)‚ad
1174 1916 1382 1975 cuiussimili·

230 2014 366 2075 tudinem
391 2012 559 2075 ‘uarietate'
583 2032 700 2093 quoque
726 2014 872 2075 ducimur.

687 2192 928 2199 -.—...-..-.——.

576 2326 757 2399 MARIVS
786 2326 1006 2401 MAXIMVS
1015 2322 1042 2411 ²)

321 2489 451 2548 Historia
470 2489 602 2548 Romana
627 2491 788 2548 centesimo
814 2507 931 2568 quoque
953 2509 1029 2550 anno
1056 2490 1170 2552 riuulos
1194 2489 1329 2552 diductos
1355 2500 1383 2552 61

231 2591 368 2648 sitientes
393 2597 422 2648 61
445 2607 537 2666 paene
559 2595 728 2648 arescentes
748 2587 902 2666 collegisse
924 2597 953 2648 et
971 2589 1233 2668 comprehendisse
1253 2589 1382 2668 uidetur,

231 2689 272 2746 ita
295 2693 395 2746 tamen
419 2693 452 2746 111
476 2685 598 2746 collecta
625 2685 719 2744 denuo
746 2685 967 2766 dispergeretur
992 2694 1020 2746 61
1043 2694 1131 2766 prout
1153 2689 1308 2764 ingenium
1330 2707 1382 2766 po-

231 2783 307 2864 puli,
336 2787 380 2844 sic
408 2787 498 2844 etiam
524 2787 645 2862 scriptio
672 2793 873 2846 euanesceret.
909 2793 977 2846 nata
1000 2796 1100 2846 autem
1122 2785 1174 2845 illa
1195 2795 1242 2846 est
1264 2787 1298 2846 iu
1320 2789 1382 2846 solo

231 2885 393 2960 senatorio,
423 2891 608 2942 crescentem
637 2883 727 2942 coluit
755 2885 931 2963 imperator,
958 2885 1010 2962 qui
1039 2887 1141 2963 siper
1165 2885 1286 2962 longum
1309 2894 1382 2945 tem·

231 2983 314 3060 poris
341 2983 469 3060 spatium
500 2987 527 3040 et
556 2981 713 3060 imperium
744 2979 873 3042 obtinuit
898 2991 930 3042 61
955 2990 1077 3042 senatus
1102 2986 1233 3062 speciem
1255 2983 1330 3044 fouit
1355 2991 1383 3044 61

231 3081 326 3158 auxit,
355 3097 419 3140 eam
444 3081 569 3158 gratiam
591 3081 717 3158 16661111,
742 3085 782 3156 ut
799 3089 919 3140 senatus
941 3081 1034 3140 libros
1059 3081 1094 3140 ab
1119 3083 1184 3140 eius
1207 3083 1311 3140 amicis
1333 3082 1382 3142 uel

232 3175 400 3250 clientibus
420 3179 597 3256 compositos
627 3179 801 3236 auctoritate
829 3197 882 3238 sua
910 3188 1046 3240 seruaret
1072 3188 1103 3240 61
1129 3181 1299 3258 posteritati
1321 3186 1382 3240 tra·

176 3263 177 3268 ¹
232 3275 324 3336 deret.
361 3275 513 3354 utigitur
541 3275 644 3336 Liuius
670 3275 722 3336 sub
752 3275 878 3354 Augusti
904 3280 1046 3356 auspiciis
1073 3277 1230 3338 historiam
1253 3281 1383 3356 scripsit,

170 3397 171 3402 ¹
231 3373 285 3434 sub
317 3373 443 3432 Traiano
469 3373 588 3434 Tacitus
619 3381 646 3434 61
672 3375 831 3434 Suetonius
865 3395 918 3434 suo
950 3377 1077 3454 quisque
1106 3395 1229 3454 genere,
1257 3377 1299 3435 ita
1326 3377 1381 3436 sub

229 3471 396 3530 Alexandro
433 3473 541 3532 Seuero
574 3473 685 3532 Marius
712 3473 858 3532 Maximus
884 3476 976 3551 uitaS,
1004 3473 1125 3534 Cassius
1156 3473 1209 3532 Dio
1243 3473 1382 3534 historias

231 3571 584 3646 (1666111111194.
606 3571 671 3630 433
685 3573 770 3648 spui
793 3589 919 3648 quorum
937 3571 1016 3650 quod
1039 3572 1088 3632 ille
1109 3573 1232 3632 Latinus
1249 3571 1286 3632 ad
1305 3575 1382 3632 uitas

230 3667 415 3728 scribendas
431 3667 590 3746 descendit,
616 3669 663 3728 hic
689 3667 819 3728 Graecus
842 3671 879 3730 ad
902 3669 1383 3750 116111611611666616661111111,

322 3823 346 3890 i)
366 3821 379 3874 1
397 3827 432 3874 34
454 3825 502 3876 seri
523 3839 592 3890 gisae
613 3829 676 3890 post
693 3829 803 3876 1116116111
822 3826 881 3878 eius
898 3822 1031 3893 (01161116)
1046 3827 1145 3878 Dicam
1159 3827 1260 3892 fecerit,
1274 3827 1307 3878 im
1324 3829 1383 3878 eiu-s

230 3903 352 3956 historiis
380 3903 506 3956 dicemus.
535 3919 559 3956 c.
575 3907 607 3956 36
631 3905 678 3956 sed
699 3903 846 3972 (Procyon)
870 3906 954 3958 isdem
982 3907 1109 3960 omuibus
1133 3907 1257 3960 historiis
1285 3909 1383 3974 quihus

229 3983 354 4050 superior
377 3983 460 4036 061116
479 3989 687 4038 661111116111111.

322 4065 345 4130 2)
366 4063 481 4136 Praei-er
505 4063 599 4128 librae,
621 4079 689 4130 quos
708 4063 739 4116 in
758 4065 852 4118 indice
871 4067 1003 4118 uniuerso
1021 4067 1169 4134 proposui,
1188 4067 1236 4119 hie
1253 4067 1381 4122 nomino:

229 4141 419 4196 statuetur
443 4145 503 4196 Der
527 4145 798 4198 Geschichtschreiher
820 4147 862 4200 M.
883 4149 926 4202 M.
949 4147 980 4198 in
1005 4145 1176 4214 Buedingeri
1199 4145 1324 4210 Quaestt.
1344 4147 1383 4200 [u

230 4241 257 4292 p⁴
274 4229 404 4276 11-201,
425 4223 445 4276 Ι.
460 4223 536 4276 Pleu
553 4227 593 4278 M.
611 4227 651 4280 1111
670 4227 710 4280 ab
729 4227 829 4280 direhte
848 4247 876 4280 u.
889 4229 1023 4280 iudiceltte
1040 4227 1131 4294 Quolie
1144 4229 1193 4280 der
1205 4229 1305 4294 Script.
1319 4229 1381 4282 hist.

230 4305 304 4372 Attp.
324 4303 419 4370 Progr.
436 4303 549 4372 Augeat.
568 4311 642 4358 teis,
664 4307 694 4358 G.
710 4307 820 4374 Tropea
838 4307 923 4362 Sturii
938 4307 1013 4376 sopit
1029 4307 1084 4362 Ser.
1101 4309 1126 4360 h.
1141 4309 1252 4362 11111.
1279 4311 1321 4362 M.
1339 4311 1380 4363 M.

231 4385 292 4436 11116
312 4403 324 4436 6
341 4385 503 4448 frammenti
520 4385 652 4454 (Massiua
674 4389 759 4454 1899).
