3234 4950
589 307 788 362 CORNELIVS
808 305 924 360 NEPOS
1270 324 1332 370 Llll

119 491 121 496 ’
184 493 251 550 citae
278 485 368 556 eraut,
390 475 530 538 adrisisse
550 475 714 536 exrelatu
735 474 927 548 (13.1-8)
950 484 1083 552 apparet,
1106 473 1215 552 quihus
1235 475 1332 532 simile

184 599 265 664 olona,
288 595 346 636 non
366 577 487 652 Nepotis
515 571 650 658 ipsi11s1),
674 573 784 634 subest.
820 583 883 634 tum
901 591 973 632 uero
993 571 1106 631 Plinius
1132 575 1159 628 io
1186 579 1243 630 nat.
1264 572 1330 631 hist.
1409 579 1416 594 ⁸

184 701 218 744 ex
241 679 304 736 eius
330 683 496 752 temporum
522 677 635 732 ratione
658 681 686 732 et
712 673 831 732 Solinus
852 671 902 730 uel
920 690 1011 748 quem
1029 678 1149 730 secutus
1168 678 1214 730 est
1233 676 1332 730 aucto·

184 769 278 858 reml)
296 773 427 852 pendent
445 773 608 844 (illueuzer
623 793 656 848 p.
671 773 736 830 3331
748 789 808 844 sqq.
831 771 939 831 1131313
956 773 973 828 1.
988 789 1013 828 s
1022 787 1055 844 p.
1067 769 1208 843 535sq.),
1225 769 1332 826 deludo

183 877 228 940 usi
253 879 323 934 sunt
346 871 494 930 chronicis
517 869 626 930 Gellius
647 871 748 946 (13.2.
769 871 802 940 5)
826 877 853 928 et.
878 868 1023 928 Minucius
1045 867 1128 926 Felix
1148 871 1202 941 (fr.
1217 869 1263 943 1),
1282 865 1332 926 (le-

182 977 271 1050 nique
295 969 412 1030 saeculo
438 977 541 1048 quarto
562 989 578 1028 a
597 967 831 1046 cluonographis
853 967 1023 1026 christianis
1045 974 1077 1026 et
1092 969 1215 1042 paganis
1236 967 1331 1024 denuo

183 1077 212 1132 in
235 1069 333 1128 lucem
356 1075 505 1144 protracta
526 1075 593 1126 sunt
613 1069 1092 1142 (3133333331331333.
1114 1067 1156 1124 ud
1175 1065 1217 1140 fr.
1239 1067 1267 1124 1.
1286 1067 1331 1138 2).

271 1165 342 1224 iliis
366 1165 460 1242 lihris,
484 1165 730 1242 exemplorum
760 1165 915 1223 minimum
942 1165 1072 1240 quinque
1095 1165 1153 1240 (fr.
1174 1165 1209 1236 ,2)
1234 1163 1332 1240 Nepos

184 1275 212 1330 et
239 1265 405 1324 curiositati
432 1263 578 1322 lectorum
605 1265 676 1324 salis
707 1263 804 1322 lacere
833 1270 872 1340 et,
894 1261 948 1322 uhi
967 1270 1078 1338 posset,
1099 1261 1248 1320 maiorum
1270 1279 1332 1320 rno-

183 1371 274 1426 ratam
298 1359 605 1438 333113133113311333,Ι
632 1363 770 1438 retinere,
793 1379 937 1420 reuocare
961 1361 1124 1438 constituit,
1147 1363 1236 1420 ctiam
1256 1360 1332 1420 hauc

183 1483 245 1524 rem
259 1459 357 1520 ‘ausus
373 1477 451 1520 unus
465 1459 604 1520 Italorum
614 1455 622 1480 '
632 1463 822 1536 imitatusque
832 1457 1014 1518 Graecorum
1026 1453 1224 1537 παραδόξων
1243 1453 1332 1518 ἐθῶν

183 1555 378 1638 συναγωγάς
390 1561 406 1630 (
406 1559 526 1618 Traube
539 1563 590 1618 13.
599 1559 714 1634 pact.
725 1559 799 1618 405.
825 1557 1331 1631 1133133311Ε13131133223331.

184 1659 318 1720 Citantur
342 1675 355 1714 a
382 1657 452 1716 solis
475 1657 608 1716 Chariclo
637 1657 693 1732 (fr.
715 1659 748 1730 1)
769 1663 798 1716 et
823 1655 915 1714 Gellio
942 1657 1049 1732 (13.2.
1069 1657 1114 1732 3),
1138 1653 1332 1732 quiquidem
1393 1657 1396 1662 ’

182 1759 382 1816 Romanorum
409 1755 552 1834 quaedam
582 1751 716 1834 ‘pulchra
747 1763 834 1834 atque
863 1753 996 1814 liberalia
1024 1763 1113 1832 atcpuc
1144 1755 1331 1830 magnanima

183 1849 272 1916 lacta'
295 1873 331 1912 33
355 1855 398 1912 eis
422 1855 531 1932 attulitg
557 1873 632 1930 quae
656 1855 710 1912 alia
731 1855 895 1930 fragmenta
914 1853 969 1912 suh
990 1855 1045 1912 hoc
1069 1853 1167 1912 indice
1192 1854 1332 1929 coniungi

184 1953 323 2030 solebant,
350 1951 491 2030 pleraque
518 1969 552 2010 ex
578 1951 664 2010 Plinii
692 1951 819 2012 naturali
840 1951 964 2010 historia
991 1958 1105 2029 sumpta
1131 1951 1197 2022 (21.
1211 1951 1264 2008 24.
1279 1953 1331 2010 22,

183 2053 232 2112 25.
250 2049 299 2110 18.
319 2051 367 2110 19.
385 2051 435 2110 17.
453 2051 503 2124 20,
524 2051 562 2126 ofl
583 2053 668 2122 3113.)
695 2061 831 2110 ueterum
860 2051 1080 2128 simplicitatem
1102 2049 1238 2110 luxuriae
1262 2067 1332 2109 suae

184 2151 284 2210 aetatis
311 2155 462 2226 opponunt
485 2157 573 2226 atquc
596 2149 707 2228 optime
729 2149 786 2208 huc
809 2149 961 2226 quadrant.
1000 2167 1105 2206 uerum
1126 2155 1223 2207 lamen
1246 2149 1332 2206 etiam

183 2255 300 2328 praeter
330 2247 402 2308 haec
432 2247 574 2308 undecies
601 2247 746 2326 Nepotem
773 2249 806 2306 ln
828 2255 888 2306 uat.
904 2247 974 2306 hist.
996 2267 1011 2306 a
1033 2245 1129 2306 Plinio
1156 2251 1279 2306 citatum
1305 2253 1332 2305 et

183 2349 214 2406 in
236 2345 386 2404 indicibus
409 2347 473 2404 lihr.
496 2345 543 2404 VII
570 2339 620 2428 (de
648 2347 779 2422 gentium
805 2347 990 2404 mirabilibus
1013 2345 1131 2422 figurIS,
1154 2343 1332 2422 prodigiosis

182 2443 317 2525 partibus
337 2439 414 2527 cto),
438 2443 488 2503 Xll
510 2437 715 2525 13333333
736 2439 867 2528 naturis)
887 2443 1004 2503 XXXIV
1023 2436 1074 2525 (de
1093 2445 1172 2504 aeris
1190 2437 1331 2526 metallis)

183 2546 261 2603 inter
289 2552 424 2603 auctores
449 2546 578 2621 positum
601 2546 783 2621 inuenlmus,
811 2544 1011 2619 uidenturque
1038 2544 1081 2603 illi
1109 2544 1249 2603 undecim
1275 2541 1333 2603 loci

184 2640 218 2699 ad
242 2644 337 2719 ipsam
361 2642 571 2719 geographiam
593 2646 758 2721 pertinere7
781 2651 816 2703 ut
838 2660 854 2699 a
875 2642 968 2701 Plinio
996 2642 1167 2701 olnersitate
1191 2646 1331 2701 materiae

185 2740 269 2799 ducto
292 2740 394 2817 plures
418 2738 539 2819 Nepotis
565 2738 655 2801 llhros
682 2738 828 2801 adhlhitos
852 2760 917 2801 esse
943 2740 1080 2817 colligere
1105 2744 1210 2819 possis
1250 2747 1278 2797 at
1302 2742 1332 2799 hl

184 2838 239 2897 loci
263 2856 365 2897 omncs
390 2840 466 2897 intra
492 2840 555 2897 elus
580 2838 671 2899 llhros
691 2838 797 2897 ll—Vl
822 2846 946 2916 3331331,
970 2838 1077 2917 quibus
1098 2840 1134 2897 de
1153 2840 1332 2915 geographia

184 2938 291 3015 agilum
323 2938 426 3015 (reteri,
456 2940 507 3015 qul
534 2936 571 2997 ad
599 2938 671 2997 allas
700 2946 777 2997 artes
808 2936 1332 3015 33331331,131113·131Χ,Χ,Χ111,

184 3032 254 3113 XVI,
279 3032 406 3113 xxxin,
436 3032 547 3113 XXXV,
576 3034 701 3113 XXXVI7
730 3038 780 3113 qui
810 3034 879 3095 libri
904 3038 977 3096 ilem
1006 3036 1041 3095 ad
1072 3036 1214 3095 diuersas.
1253 3055 1332 3095 nunc

184 3150 333 3217 compara
352 3134 533 3211 Stephanum
568 3134 740 3213 Byzantium
771 3134 819 3193 his
853 3142 883 3193 et
907 3136 1004 3194 uicies
1032 3138 1108 3195 situs
1135 3136 1256 3195 urbium
1283 3134 1332 3195 331

184 3234 315 3307 gentium
343 3250 378 3291 33
406 3232 581 3311 Apollodoro
612 3232 740 3309 adferre,
766 3242 815 3311 ut,
841 3234 900 3291 nisi
934 3236 1080 3311 origiuem
1115 3252 1147 3293 33
1183 3234 1331 3293 chronicis

185 3328 300 3389 ductam
325 3330 545 3409 adscripsisset,
575 3334 639 3389 sine
665 3330 848 3389 dubitatione
874 3331 908 3389 de
934 3350 1022 3407 opere
1048 3334 1112 3391 eius
1135 3332 1331 3411 geographico

185 3432 336 3503 cogitares.
375 3446 500 3507 magnus
526 3428 659 3507 prolecto
689 3432 718 3487 ln
748 3430 896 3489 chronicis
925 3430 1044 3509 patebat
1076 3448 1197 3509 campus
1233 3448 1332 3491 rerum

184 3528 329 3603 uarietati,
343 3528 440 3587 maior
453 3530 483 3587 ln
499 3530 662 3587 imitatione
679 3522 887 3605 <soporificis
902 3523 1018 3589 ἐθῶνῖ
1044 3532 1142 3607 itaque
1157 3530 1240 3589 nolui
1254 3530 1330 3607 trag·

184 3634 280 3683 menta
307 3644 339 3683 33
365 3624 440 3685 libro
464 3632 566 3685 nostro
590 3626 752 3705 secludere,
776 3630 955 3705 praesertim
985 3646 1053 3687 cum
1075 3626 1189 3689 Plinius
1212 3632 1276 3707 ipse
1301 3632 1331 3687 in

184 3720 258 3781 llhro
282 3722 305 3779 V
329 3726 386 3797 (fr.
406 3726 463 3797 13)
489 3726 579 3785 multa
600 3722 812 3785 ‘monstrifica'
829 3744 896 3785 cunr
922 3726 1092 3785 auidissima
1118 3726 1292 3787 credulitate
1315 3746 1332 3785 a

184 3818 293 3899 Nepote
320 3830 437 3901 arrepta
460 3832 490 3883 et
513 3842 578 3883 curn
604 3826 662 3883 situ
688 3824 805 3883 urhlum
827 3842 938 3883 conexa
956 3843 1023 3883 esse
1044 3826 1175 3887 traderet
1192 3826 1330 3905 idemque

185 3926 313 3979 sectator
335 3928 413 3981 essct
439 3922 639 4001 exemplorum
664 3930 750 3999 alque
772 3926 806 3981 in
826 3922 926 3983 indice
944 3922 1013 3983 lihri
1032 3922 1080 3983 Vll
1100 3944 1207 3983 nouem
1229 3942 1331 3984 eorum

185 4034 291 4091 genera
317 4022 560 4079 enumeraulsset.
595 4022 739 4079 malorem
763 4020 852 4079 hdein
877 4022 902 4079 ei
927 4022 1030 4081 hahuit
1055 4022 1089 4080 de
1114 4022 1196 4082 ltalia
1216 4026 1331 4099 superl-

194 4208 197 4213 -
274 4174 299 4241 1)
320 4172 396 4237 Quae
412 4174 555 4227 sententia
568 4172 624 4227 luit
635 4172 753 4241 Sauppii
764 4178 900 4245 (Amyco.
913 4176 1023 4241 Schrift.
1035 4194 1065 4245 p.
1075 4181 1188 4245 48333.)
1199 4176 1332 4229 aliorum-

186 4268 247 4319 que,
267 4256 297 4307 at
316 4254 455 4307 31131313
475 4274 509 4307 nc.
525 4256 612 4309 Eheu.
629 4258 664 4307 36
681 4272 707 4323 p.
726 4258 843 4323 518333.

273 4336 299 4403 2)
319 4334 359 4387 De
380 4334 507 4389 Cornelio
526 4336 635 4387 Boccho
655 4354 682 4389 u.
698 4334 778 4389 infra.
