3234 4950
579 360 634 415 CN.
649 360 825 415 DOMITIVS
843 360 1011 415 connino
1233 386 1368 431 cxxxm

306 528 379 587 Nam
410 530 585 607 priusquam
619 528 745 589 Corbulo
777 548 857 589 arma
891 548 1013 589 mouere
1044 539 1157 611 posset,
1191 531 1366 611 Vologaeses

221 628 376 697 domestica
405 626 550 687 discordia
581 638 735 689 reuocatus
765 630 824 689 iam
847 626 884 687 de
906 627 1044 689 Armenia
1069 628 1255 691 abscesserat
1276 640 1365 710 atque

220 734 303 797 etiarn
330 726 363 785 ab
390 726 438 785 illo
464 734 492 785 et
513 726 546 785 ab
576 726 715 785 meidio
741 728 897 805 Quadrato,
922 728 973 805 rpui
994 728 1108 805 Syriam
1133 728 1364 809 administrabat,

219 830 343 895 monitus
369 826 444 885 datis
464 824 616 885 obsidibus
636 844 738 905 pacem
759 828 889 885 firmauit
912 818 952 907 (a.
971 820 1117 909 55l808),
1140 846 1214 905 quae
1235 830 1364 887 triennio

217 934 280 1013 post
304 926 339 983 ab
363 926 427 1003 ipso
454 926 569 983 turbata
593 932 719 983 estnon
744 926 837 985 inuito
861 922 1002 1002 Romano,
1025 926 1076 1003 qni
1096 922 1230 1003 ‘dIgnum
1250 929 1362 1005 magni-

217 1028 316 1093 tudine
343 1022 443 1103 populi
466 1022 589 1083 Romani
620 1022 740 1083 rebatur
767 1032 850 1103 parta
879 1022 950 1082 adm
977 1042 995 1083 a
1017 1022 1140 1085 Lucullo
1162 1024 1364 1105 Pompeioque

217 1118 358 1203 recipere'
390 1124 474 1195 (Tuo.
501 1142 572 1183 uara.
595 1124 686 1181 XIII
705 1124 762 1197 34)
793 1130 882 1201 atque
912 1124 1046 1201 interIm,
1084 1131 1120 1183 ut
1151 1124 1300 1203 quondam
1330 1126 1364 1183 In

217 1222 382 1299 Germania,
411 1220 537 1281 militnm
568 1222 680 1281 animos
709 1220 793 1299 longa
822 1221 930 1279 inertia
958 1220 1121 1299 degeneres
1148 1226 1310 1283 seueritate
1332 1232 1364 1284 et

217 1322 379 1385 constantia
402 1340 455 1379 sua
478 1320 515 1379 ad
532 1328 670 1379 ueterem
698 1320 885 1397 disciplinam
907 1318 1076 1379 reduxerat.
1115 1321 1166 1381 sed
1187 1340 1235 1381 res
1255 1322 1306 1383 diu
1325 1322 1362 1381 ad

216 1438 361 1485 armorum
396 1418 555 1479 discrImen
588 1436 647 1477 non
678 1420 769 1499 uenit,
803 1418 956 1495 colloquiis
989 1420 1069 1479 inter
1100 1418 1300 1481 Corbulonem
1332 1429 1362 1481 et

215 1518 387 1603 Tiridatem,
422 1516 590 1595 Vologaesis
634 1518 768 1595 fratrem,
816 1525 932 1595 tempus
973 1519 1082 1577 teritur
1125 1520 1360 1599 expugnatisque

216 1616 340 1679 castellis
374 1616 548 1697 quibusdam
582 1616 751 1697 Armeniam
783 1624 846 1677 tum
880 1634 953 1675 uero
986 1616 1128 1695 Corbulo,
1159 1636 1227 1677 curn
1260 1618 1361 1679 Parthi

214 1718 412 1797 Hyrcanorum
453 1714 615 1775 delectione
652 1718 867 1792 retinerentur,
899 1714 1036 1775 Artaxata
1070 1716 1148 1775 sacili
1186 1736 1273 1793 opera
1312 1736 1360 1775 ex-

214 1816 352 1897 pugnauit
384 1808 420 1895 (a.
443 1808 574 1895 obtati,
601 1816 670 1873 Tac.
693 1814 780 1873 XIII
800 1814 895 1873 6-—9.
918 1808 1067 1898 3441)
1090 1814 1359 1895 Tigranocertaque

211 1910 379 1975 'uolentibus
399 1912 515 1973 ciuiuus
538 1916 657 1991 recepit.
699 1914 740 1973 sic
761 1912 890 1991 Tigrani,
913 1912 950 1971 ad
972 1932 1063 1991 quem
1086 1934 1101 1973 a
1122 1912 1238 1973 Nerone
1257 1912 1358 1973 arme-

213 2016 277 2075 niae
306 2030 429 2089 regnnm
461 2012 588 2071 delatum
613 2018 684 2091 erat,
708 2012 758 2071 uia
779 2010 925 2091 patefacta
954 2019 1009 2089 est,
1030 2019 1065 2071 ut
1090 2012 1155 2091 ipse
1185 2014 1214 2071 in
1245 2012 1359 2090 Syriam

213 2112 268 2173 sibi
289 2112 465 2189 permIssam
489 2110 628 2171 recedere
655 2118 758 2189 posset
785 2102 825 2193 (a.
844 2104 977 2189 aetate,
1006 2110 1075 2171 Tac.
1092 2112 1179 2171 XIV
1192 2104 1358 2195 23-26).

212 2210 278 2271 hinc
301 2208 411 2269 bellum
436 2210 586 2269 aParthis
607 2208 840 2287 redintegratum
865 2200 903 2290 (a.
925 2202 1059 2291 lessld)
1081 2210 1123 2267 ita
1143 2212 1301 2289 componit,
1324 2219 1358 2271 ut

213 2316 238 2369 et
264 2308 478 2387 Tigranocerta,
505 2308 555 2369 uhi
579 2308 720 2387 Tigranes
747 2305 945 2386 obsidebatur,
967 2306 1166 2369 liberarentur
1191 2315 1219 2369 et
1245 2308 1279 2369 de
1304 2309 1356 2369 Ar·

211 2408 305 2467 menia
330 2408 437 2467 milites
458 2406 580 2467 Romani
604 2406 782 2467 decederent
807 2424 1015 2484 summumque
1032 2406 1191 2469 arbitrium
1209 2406 1246 2465 ad
1264 2406 1356 2469 Nero-

211 2527 276 2568 nem
300 2507 473 2568 delerretur.
521 2505 628 2586 legatio
651 2513 751 2568 tamen
774 2505 951 2568 Parthorum
968 2507 1088 2568 irritum
1112 2507 1167 2566 tuit
1186 2505 1355 2587 bellumque

211 2605 357 2686 propalam
378 2607 412 2666 ab
433 2607 475 2664 eis
495 2605 607 2666 illatum
630 2611 682 2684 est,
707 2605 783 2682 quod
804 2598 985 2664 Caesennius
1005 2605 1110 2664 Paetus
1131 2605 1355 2686 administrauit,

211 2703 299 2766 Roma
330 2703 364 2764 ad
394 2703 532 2766 tuendam
562 2705 728 2766 drmeniam
759 2705 877 2764 missus,
924 2703 975 2764 sed
1005 2703 1200 2783 aVologaese
1228 2705 1355 2766 circum·

211 2803 307 2864 clusus
333 2805 535 2884 turpissimum
563 2803 664 2864 foedus
690 2805 765 2862 inire
789 2809 907 2862 coactus
932 2801 1100 2862 Armeniam
1126 2805 1238 2881 omisit,
1266 2823 1354 2884 quam

211 2901 321 2962 cladem
341 2901 466 2964 Corbulo
488 2901 601 2980 aSpria
624 2905 717 2980 sarsit,
744 2921 812 2964 cum
835 2907 865 2960 et
888 2903 952 2978 ipse
971 2901 1157 2980 concederet,
1181 2908 1213 2962 ut
1233 2902 1355 2964 castella

210 3019 223 3060 a
252 3021 281 3060 se
311 3009 392 3060 trans
415 3001 595 3080 Euphratem
629 3003 742 3060 munita
776 2999 973 3076 diruerentur,
1005 3007 1032 3060 et
1062 3017 1122 3078 rex,
1154 3008 1190 3060 ut
1214 2999 1353 3060 Armenia

210 3095 346 3160 ‘diuersis
369 3099 525 3180 praesidiis
549 3093 658 3160 uacna'
682 3101 766 3160 fieret
785 3091 945 3182 (ansata),
966 3097 1076 3159 Romae
1099 3107 1199 3160 tamea
1220 3099 1253 3160 in
1269 3099 1353 3160 'bello

208 3207 428 3276 perseueratum
450 3207 493 3258 est
508 3201 723 3278 imperiumque
740 3205 824 3258 aucta
838 3204 982 3276 potestate
997 3195 1167 3258 mandatum
1184 3197 1350 3258 Corbuloni.

209 3297 230 3354 is
256 3297 403 3376 Euphrate
427 3299 565 3358 tramisso
588 3297 692 3358 obuios
715 3297 819 3358 habuit
836 3297 948 3374 legatos
967 3297 1135 3375 Vologaesis
1152 3296 1352 3378 Tiridatisque

210 3393 240 3454 de
265 3415 336 3474 pace
368 3399 474 3456 missos
505 3399 604 3476 eisque
634 3399 706 3474 ipsis
736 3395 882 3476 colloquio
909 3397 1070 3456 constituto
1100 3397 1252 3474 persuasit
1278 3388 1351 3478 (qua

208 3491 262 3554 lide
285 3497 374 3556 etiam
395 3495 470 3574 apud
493 3493 635 3558 barbaros
657 3495 805 3574 utebatur,
825 3495 860 3558 X
864 3495 892 3551 V
900 3488 968 3576 28),
992 3501 1025 3554 ut
1043 3493 1192 3554 Tiridates
1215 3491 1351 3574 ‘poneret

207 3593 280 3668 apud
314 3593 444 3672 elligiem
476 3593 608 3654 Caesaris,¹
642 3595 760 3672 Insigne
787 3594 911 3672 regium·
932 3611 987 3653 nec
1014 3594 1074 3653 uisi
1099 3611 1191 3654 mann
1213 3591 1349 3654 Caesaris

207 3689 380 3752 resumeret’
410 3685 450 3774 (a.
469 3687 599 3774 bsslsslb',
634 3685 707 3754 Tac}
721 3693 757 3752 X
762 3693 787 3752 V
804 3686 938 3773 1-—3IJ),
967 3691 999 3750 id
1027 3691 1107 3769 quod
1136 3691 1233 3750 tribus
1264 3693 1349 3750 annis

94 3771 96 3816 ³
205 3797 271 3864 post
291 3789 402 3852 Romae
426 3793 535 3852 Iactum
562 3799 613 3852 est.

94 3949 96 3954 .
291 3887 368 3950 Nam
393 3909 465 3968 quas
493 3909 540 3950 res
570 3897 670 3970 postea
696 3889 822 3950 Corbulo
844 3889 961 3966 iecerit,
990 3895 1068 3948 tacet
1088 3889 1245 3969 memoria3
1272 3889 1347 3948 cele·

94 3991 96 3994 '
206 3983 305 4046 bratur
325 3995 437 4050 tantum
459 3991 522 4050 eius
540 4007 630 4068 mors,
655 4007 721 4048 nam
742 3991 917 4048 criminante
937 3988 1021 4047 Arrio
1040 3987 1124 4066 Varo,
1142 3987 1236 4046 milite
1257 4007 1346 4064 quon-

207 4081 270 4146 dam
292 4107 345 4146 sno
361 4089 448 4160 (Tne.
467 4091 533 4148 bist.
551 4089 606 4146 III
624 4089 665 4164 (2¹),
693 4107 714 4146 a.
735 4083 863 4162 ditato
888 4107 901 4145 a
927 4085 1043 4146 Nerone
1068 4085 1234 4144 Cenchreas
1259 4085 1346 4146 aduo-

206 4191 283 4244 catns
308 4205 442 4264 nauaque
466 4185 629 4246 escandens
652 4187 726 4246 mori
747 4189 846 4246 iussus
867 4193 919 4262 est,
945 4203 1012 4242 cum
1029 4203 1064 4242 se
1081 4185 1226 4242 memisse
1248 4185 1346 4244 clami·

204 4287 277 4344 taret
300 4287 373 4356 (Dio
396 4287 611 4364 63,17,5ε(].
634 4285 670 4360 cf.
696 4285 763 4344 Tuo.
782 4287 849 4344 bin,
872 4285 909 4342 II
925 4283 974 4342 76.
1001 4284 1148 4344 Ammine.
1167 4283 1203 4342 X
1207 4283 1235 4340 V
1249 4284 1277 4352 2,
1303 4286 1345 4356 5).

291 4383 347 4442 Sed
378 4381 506 4442 clausula
538 4383 715 4442 narrationis
751 4383 827 4460 apud
854 4383 1002 4459 Tacitum,
1033 4388 1189 4458 postquam
1218 4381 1345 4440 honores
