3234 4950
300 349 363 412 132
484 349 587 404 VVLG.
608 349 863 404 TERENTIANVS
885 383 916 390 2-
936 349 1087 404 LOLLIVS
1105 349 1259 404 VRBIOVS

299 517 499 595 [Meministi
518 528 552 578 ut
570 521 661 578 etiam
681 526 772 596 caput
794 519 859 580 eius
878 521 987 578 mortui
1008 519 1064 578 iam
1086 521 1213 596 nigrum,
1231 519 1290 576 iam
1310 515 1443 594 sordens

298 619 357 676 iam
374 625 563 694 maceratum,
585 615 736 676 diffluente
754 617 822 676 tabo
843 617 924 676 uelut
942 615 1045 676 umbra
1066 617 1181 694 pulchri
1203 619 1262 676 oris
1282 613 1444 676 uideretur.

298 713 425 792 deniqne
453 733 521 774 cum
548 717 655 792 ingens
680 713 820 790 gaudium
852 721 936 792 esset,
967 715 1043 794 quod
1073 723 1160 792 caput
1181 715 1334 772 Maximini
1359 713 1443 772 uide-

298 819 387 890 retur,
411 829 502 892 prope
527 831 580 892 par
603 831 721 874 maeror
742 822 813 892 erat,
840 813 916 892 quod
940 821 969 874 et
991 813 1045 872 filii
1069 815 1180 892 pariter
1205 819 1380 892 portaretur.

590 1045 816 1120 evacuari
847 1045 1150 1120 TERENTIAM

614 1189 807 1250 nesronra
836 1191 899 1250 srr
922 1189 1120 1250 uuurorns

385 1327 418 1396 l.
446 1335 542 1412 Capit.
560 1335 652 1396 Gord.
666 1333 753 1409 21,5
779 1333 853 1394 Sane
878 1331 957 1412 quod
979 1333 1275 1412 praetermittendum
1298 1351 1442 1394 essenon
1470 1357 1481 1396 a

296 1435 408 1510 censui,
434 1435 504 1510 quie
532 1431 668 1492 mirabile
694 1435 795 1492 uisum
824 1439 881 1510 est,
911 1431 1021 1492 lectum
1046 1431 1123 1510 apud
1144 1431 1306 1492 Vulcatium
1332 1431 1441 1492 Teren·

294 1533 416 1610 lienum,
445 1533 496 1608 qui
526 1539 553 1591 et
581 1533 645 1610 ipse
678 1531 831 1590 historiam
859 1531 906 1588 sui
931 1531 1076 1608 temporis
1104 1533 1237 1610 scripsit,
1267 1533 1296 1590 in
1328 1531 1442 1592 litteras

295 1633 364 1690 misi
386 1627 567 1690 Gordianum
597 1633 743 1690 seniorem
768 1629 894 1708 Augusti
920 1627 1036 1688 uultum
1065 1631 1107 1690 sic
1138 1637 1387 1708 repraesentasse,
1409 1639 1443 1690 ut

296 1736 323 1789 et
355 1747 460 1788 uocem
492 1737 523 1790 et
553 1747 667 1788 morem
700 1736 730 1787 et
762 1735 905 1788 staturam
937 1727 1070 1788 eiusdem
1099 1735 1247 1788 ostentare
1279 1729 1441 1808 uideretur,

294 1827 387 1888 lilium
416 1845 488 1887 uero
512 1827 655 1906 Pompeio
677 1825 862 1886 simillimum
885 1829 991 1904 uisum,
1019 1829 1154 1906 quamuis
1175 1825 1334 1906 Pompeius
1358 1825 1441 1888 obesi
1457 1851 1480 1890 ro

295 1927 427 2005 torporis
459 1927 551 1986 inisse
586 1925 760 2006 denegetur3
796 1933 934 2004 nepotem
969 1931 1081 2004 autem,
1112 1929 1198 1986 cuius
1235 1927 1325 1984 eiiam
1361 1943 1441 1984 nunc

293 2027 436 2102 imagines
461 2023 607 2104 uidemus,
630 2023 779 2103 Scipionis
801 2023 922 2084 Asiatici
947 2023 1050 2084 faciem
1077 2023 1234 2086 rettulisse.
1296 2031 1297 2034 ’

692 2257 849 2328 LOLLH
876 2255 1038 2330 VRBIOI

611 2401 803 2460 Hrsronra
833 2401 897 2460 err
919 2397 1117 2460 nunecius

222 2522 274 2599 {1}
383 2538 418 2609 1.
440 2548 598 2623 Lamprid.
615 2546 708 2607 Diod.
728 2546 796 2622 9‚l
832 2546 916 2603 Extat
945 2544 1000 2603 alia
1031 2544 1155 2621 epistula
1184 2544 1221 2603 ad
1248 2554 1373 2605 matrem
1404 2546 1439 2607 ab

223 2612 253 2659 97
294 2644 397 2705 codem
422 2643 640 2722 [Diadumene]
667 2642 810 2705 destinata
837 2642 915 2703 tulis:
940 2640 1095 2703 ‘Dominus
1117 2652 1221 2703 noster
1243 2652 1274 2703 et
1290 2642 1440 2721 Augustus

293 2762 349 2803 nee
370 2750 400 2801 te
420 2753 496 2803 amat
520 2762 575 2803 nec
599 2746 697 2821 ipsum
722 2760 763 2819 se,
788 2744 840 2821 qui
862 2744 999 2801 inimicos
1025 2760 1093 2801 suos
1117 2750 1224 2801 seruat.
1265 2760 1315 2819 age
1340 2742 1438 2821 igitur,
1455 2764 1477 2803 u

293 2849 324 2903 ut
352 2840 515 2903 Arabianus
544 2849 574 2901 et
601 2840 716 2901 Tuscus
743 2848 775 2899 et
800 2838 913 2901 Gellius
942 2840 977 2899 ad
1008 2838 1106 2917 palum
1137 2840 1315 2919 deligantur,
1339 2858 1390 2919 ne,
1413 2844 1439 2901 si

293 2942 409 2999 occasio
435 2940 539 3019 luerit,
565 2958 625 2999 non
655 2936 912 3018 praetermittant?
946 2938 989 3015 Et,
1017 2946 1156 3017 quantum
1179 2936 1290 2999 Lollius
1314 2938 1439 2999 Vrbicus

292 3041 322 3095 in
347 3038 471 3097 historia
492 3042 541 3099 sui
561 3040 706 3117 temporis
730 3036 812 3115 dicit,
837 3040 910 3097 istae
930 3036 1046 3097 litterae
1066 3054 1119 3115 per
1140 3038 1287 3095 notarium
1305 3036 1439 3115 proditae

293 3134 336 3195 illi
366 3154 460 3215 puero
490 3136 617 3197 multum
652 3136 729 3215 aliud
759 3134 870 3197 milites
906 3134 1034 3195 obfuisse
1070 3134 1216 3195 dicuntur.
1259 3152 1340 3215 nam,
1371 3154 1439 3197 cum

292 3242 407 3313 patrem
433 3234 625 3310 occidissent,
657 3234 777 3313 quidam
798 3236 878 3293 hunc
911 3252 1031 3293 seruare
1059 3232 1231 3311 uoluerunt,
1263 3232 1312 3293 sed
1342 3236 1477 3297 extinto

293 3332 500 3411 cubicularius,
526 3335 577 3413 qui
599 3334 653 3393 lras
674 3332 816 3411 epistulas
843 3334 972 3393 contioni
994 3332 1122 3393 militum
1148 3332 1225 3409 legit.

549 3582 680 3653 AELH
709 3582 834 3655 IVNlI
861 3580 1002 3653 cunni
1031 3580 1177 3653 VITAE

381 3738 415 3806 l.
442 3746 538 3821 Cupit.
561 3745 636 3821 Opil.
657 3744 726 3821 1‚3
762 3742 799 3803 Et
832 3744 913 3803 lunio
942 3742 1062 3821 quidem
1092 3742 1185 3804 Cordo
1219 3742 1349 3803 studium
1383 3744 1438 3803 luit

293 3860 395 3901 eorum
425 3844 640 3919 imperatorum
671 3843 748 3901 uitas
778 3840 878 3919 edere,
909 3860 981 3919 quos
1011 3842 1198 3903 obscuriores
1221 3840 1354 3921 uidebat3
1387 3842 1437 3919 qui

381 4006 410 4061 2.
431 4005 482 4061 uel
503 4004 625 4063 umbrae
649 4004 828 4079 pulchrioris
844 4004 932 4063 Pero.
949 4004 1054 4079 Haupt

380 4084 415 4173 l,
439 4094 469 4151 5.
496 4094 574 4151 Sane
599 4094 715 4169 quidem
739 4088 795 4171 [sic
817 4088 911 4173 culp]
930 4126 975 4133 —
993 4086 1141 4173 [scripsit]
1159 4096 1191 4151 in
1215 4094 1331 4151 litteras
1353 4096 1436 4153 misit

290 4186 457 4243 Mommsen
479 4176 577 4265 (misit
594 4176 637 4241 Ρ3
653 4184 692 4241 eei.
703 4174 767 4265 pa)
867 4184 896 4241 8.
924 4178 979 4263 sic]
1000 4184 1057 4241 sibi
1077 4184 1104 4241 P
1207 4186 1232 4241 9.
1258 4176 1384 4259 rnorem]
1404 4202 1435 4241 os

290 4273 379 4333 Soleo.
405 4276 520 4331 motum
537 4274 670 4347 Droeper
693 4276 821 4331 colorem
841 4274 1030 4331 Kellerbauer
1121 4278 1170 4331 10.
1197 4272 1316 4331 obhaesi
1338 4274 1360 4331 P

383 4356 415 4441 l,
442 4365 492 4421 16.
516 4364 676 4439 diligenter
693 4364 723 4421 P
848 4364 897 4421 23.
920 4364 1129 4439 imperatorem
1145 4356 1185 4421 Ρ1
