3234 4950
308 366 420 414 xxvm
558 343 606 398 DE
625 341 857 398 semproniae
875 341 969 398 Viris
989 343 1034 396 ΕΤ
1055 341 1211 398 scalpris

395 513 500 590 Neque
528 521 631 590 postea
662 509 764 572 Cicero
791 511 932 573 ‚crinalem
963 513 1107 590 seposuit,
1137 531 1227 590 quern
1256 521 1338 574 recte
1370 513 1456 572 saluti

309 613 366 672 sibi
388 611 481 672 tuisse
505 611 619 670 dixerat
637 611 738 684 (Brut.
753 611 783 687 3,
799 611 850 670 14.
875 611 911 670 ct.
932 611 1145 690 or.34‚120),
1172 629 1350 690 quamquam
1371 629 1456 690 prae·

308 719 355 772 ter
377 729 469 770 unum
493 709 590 770 iocum
611 709 664 786 (fr.
679 707 714 784 8)
736 729 803 770 eum
826 707 945 770 laudare
971 709 1076 788 omisit,
1103 727 1170 770 cum
1192 709 1271 770 nuda
1291 717 1456 790 temporum

308 810 419 870 notatio
451 809 583 866 omnium
617 809 782 868 communis
816 825 880 868 esse
914 807 1073 868 uideretur.
1130 807 1268 868 similiter
1302 807 1456 870 Cornelius

307 905 419 986 Nepos,
450 909 507 968 etsi
537 905 674 968 laudibus
703 925 771 968 eum
803 905 900 984 effert,
932 925 990 966 uno
1017 905 1080 968 loco
1112 925 1179 966 eum
1207 909 1278 968 citat
1304 909 1357 984 (fr.
1379 901 1454 990 7).¹)

307 1007 431 1066 ultimus
459 1013 592 1084 tempore
621 1040 664 1046 —
690 1013 724 1064 ut
754 1007 868 1064 ineerta
896 1011 1081 1066 transeamus
1103 1007 1194 1064 —in
1224 1005 1360 1066 manibus
1388 1025 1455 1066 eum

307 1103 410 1164 habuit
433 1103 576 1164 asconius
597 1105 650 1180 (fr.
671 1105 699 1164 3.
719 1105 747 1164 6.
771 1103 811 1179 cf.
830 1103 1036 1180 Lichteufctdt
1058 1107 1074 1162 t.
1096 1123 1117 1164 s
1130 1123 1164 1178 p.
1186 1105 1255 1184 73),
1280 1123 1349 1166 nam
1373 1105 1455 1164 scho-

307 1203 393 1262 liasta
409 1203 514 1262 Veron.
531 1203 573 1278 fr.
594 1203 614 1262 1
638 1211 668 1262 et
695 1199 813 1262 Solinus
836 1201 920 1276 fr.2
947 1203 1080 1262 notitiam
1113 1221 1195 1262 suam
1228 1203 1339 1262 alienae
1370 1203 1455 1264 indu·

308 1303 396 1360 striae
423 1299 538 1378 debent,
562 1301 711 1360 nesciinus
737 1301 793 1360 eui.

397 1397 456 1460 Sed
484 1401 573 1460 etiam
598 1407 732 1460 nostram
758 1415 839 1460 nunc
863 1405 1029 1478 temporum
1052 1397 1251 1460 Romanorum
1275 1401 1456 1460 notationem

308 1497 342 1557 ab
371 1497 427 1556 hoc
454 1497 555 1558 annali
579 1497 709 1576 pendere
739 1497 928 1558 statuendum
951 1505 1044 1578 esset,
1068 1499 1092 1556 si
1118 1507 1196 1558 recte
1221 1505 1289 1578 post
1310 1499 1455 1578 Pighium,

307 1595 489 1676 Matzatium,
516 1594 588 1658 alios
619 1595 647 1656 C.
672 1595 824 1656 Cichorius
851 1597 948 1670 (Stat.
970 1597 1050 1674 Ltpu
1069 1599 1124 1658 IX
1135 1617 1170 1674 p.
1189 1597 1380 1672 &tit-258)
1408 1597 1455 1658 de·

307 1701 503 1754 monstrasset
523 1696 614 1754 attici
636 1697 840 1754 recensionem
861 1697 1011 1774 fastorum,
1037 1697 1229 1776 compositam
1247 1697 1327 1756 iilam
1348 1715 1382 1756 ex
1404 1697 1454 1756 du·

307 1793 389 1872 abus,
411 1793 518 1852 Licinii
539 1793 630 1854 Macri
653 1787 747 1877 (apud
768 1793 907 1874 idacium,
932 1795 962 1852 in
989 1795 1087 1856 chron.
1108 1795 1249 1874 Paschali,
1277 1799 1366 1856 certis
1389 1797 1453 1874 qui·

307 1891 432 1952 busdam
457 1891 593 1970 partibus
617 1891 696 1952 Liuii
716 1885 923 1976 Dionysiique)
947 1901 976 1954 et
1001 1913 1046 1974 ea,
1075 1897 1159 1954 cuius
1187 1895 1363 1974 particulam
1387 1887 1455 1976 (per

307 1984 474 2072 Castorem)
498 1993 529 2050 in
553 1991 673 2052 Diodori
695 1991 779 2052 tastis
798 1991 968 2070 ubieunque
989 1993 1173 2054 referrentur
1193 1993 1328 2054 consules
1349 2011 1454 2072 cogno·

306 2087 438 2150 minibus
455 2089 615 2168 adscriptis
628 2089 814 2170 haberemus
829 2093 1002 2150 recensione
1020 2091 1184 2170 Capitolina
1201 2091 1287 2152 nobis
1307 2099 1453 2152 seruatam

308 2207 382 2250 esse.
414 2187 609 2248 traherehuc
628 2187 769 2250 uidentur
788 2197 960 2266 argumenta
981 2189 1136 2270 quaedam3
1160 2193 1256 2270 potuit
1275 2193 1363 2252 etiarn
1382 2189 1454 2252 illud

308 2286 376 2348 addi
393 2289 471 2348 intra
492 2307 541 2348 eos
562 2306 661 2366 anuos,
682 2287 789 2366 quibus
810 2289 878 2348 [asti
895 2285 1054 2366 Capitolini
1070 2291 1178 2366 parieti
1196 2289 1335 2368 inscuipti
1357 2297 1455 2350 essent

309 2378 647 2468 (saproc-aduae),
661 2385 699 2444 M.
712 2387 886 2464 Vipsanium
901 2387 1062 2468 Agrippam
1081 2387 1172 2448 tiliam
1191 2387 1280 2448 Attici
1301 2391 1331 2446 in
1354 2389 1453 2448 matri-

307 2487 405 2546 monio
433 2484 574 2545 habuisse
598 2478 649 2566 (ab
674 2504 698 2547 a.
721 2479 848 2565 atfttss
875 2506 967 2565 usque
994 2486 1041 2561 ad¹
1058 2506 1081 2545 a.
1102 2488 1261 2567 incertum,
1292 2494 1371 2547 certe
1395 2506 1452 2547 non

306 2584 386 2643 ultra
407 2602 433 2643 a.
452 2578 588 2664 28J726,
613 2604 672 2661 quo
699 2584 804 2643 Iuliam
833 2578 931 2667 duxit)
955 2584 1209 2665 Octauianumque
1240 2588 1303 2647 eins
1331 2604 1452 2647 consue-

307 2682 408 2743 tudine
435 2682 611 2741 delectatum
635 2700 690 2761 per
716 2682 858 2761 epistulas
887 2684 1059 2763 frequentes
1088 2684 1123 2745 de
1152 2686 1327 2763 antiquitate
1358 2682 1392 2743 ab
1421 2706 1452 2745 eo

307 2782 503 2859 requisiuisse
530 2784 653 2859 eiusque
684 2778 834 2841 admonitu
863 2788 997 2841 ueterem
1024 2782 1103 2842 Iouis
1132 2782 1258 2843 Feretrii
1290 2782 1391 2845 aedem
1424 2786 1453 2843 in

307 2880 451 2958 Capitolio
473 2878 665 2939 reficiendam
690 2881 840 2939 eurauisse
863 2882 948 2957 (Nep.
963 2882 1014 2955 20,
1030 2882 1131 2961 2an
1154 2900 1260 2943 uerum
1279 2888 1379 2943 tamen
1398 2902 1453 2943 nec

307 2979 489 3055 argumentis
513 2980 691 3039 sententiam
713 2996 798 3037 suam
823 2982 892 3039 satis
914 2978 1059 3041 stabiliuit
1076 2978 1232 3041 Ciohorius
1256 2988 1286 3039 et
1312 2980 1451 3057 quasdam

307 3096 412 3154 graues
438 3076 635 3135 dubitationes
658 3083 762 3135 contra
784 3096 849 3135 eam
870 3078 993 3155 protulit
1012 3076 1041 3137 C.
1058 3078 1086 3137 F.
1103 3078 1200 3155 Vnger
1218 3080 1250 3137 in
1268 3078 1453 3139 Fleckeiseui

307 3172 453 3236 ann.143
472 3194 502 3254 p.
515 3172 653 3253 472sqq.
678 3193 782 3255 parurn
801 3176 893 3253 igitur
913 3176 1093 3255 exploratam
1115 3196 1179 3237 eam
1197 3194 1277 3237 nune
1298 3196 1363 3237 esse
1379 3176 1453 3237 dico.

395 3274 496 3333 Tertio
519 3274 584 3333 loco
606 3274 656 3333 hio
681 3274 825 3333 afferendi
848 3280 917 3335 sunt
942 3276 976 3353 ei,
1002 3294 1074 3353 quos
1098 3276 1212 3335 Atticus
1240 3276 1277 3335 de
1303 3276 1452 3335 familiis

306 3372 473 3435 Romanis
502 3374 624 3452 scripsit
649 3372 731 3451 iibri,
761 3372 797 3433 de
822 3372 930 3453 quihus
953 3374 1014 3435 sola
1043 3376 1184 3435 memoria
1208 3374 1285 3453 apud
1310 3372 1452 3455 Nepotem

307 3479 402 3533 exstat
425 3470 491 3548 (18,
511 3472 562 3545 3).·
584 3474 670 3531 Fecit
693 3474 751 3533 troc
773 3476 852 3533 ictam
878 3464 924 3555 (ut
950 3472 1127 3533 familiarum
1155 3474 1332 3551 propagines
1363 3474 1452 3551 expuli·

307 3579 396 3648 caret,
418 3570 456 3632 τὸ
481 3570 694 3647 γενεαλογεῖν
715 3564 835 3631 ἑαυτόν
854 3572 965 3631 Herod.
983 3572 1021 3633 Ii
1035 3566 1116 3655 143)
1138 3576 1305 3647 separatim
1327 3576 1359 3633 iu
1380 3576 1452 3633 'attis

305 3672 405 3742 tibris,
433 3675 467 3729 ot
490 3670 531 3729 M.
552 3670 643 3729 Bruti
664 3678 776 3743 reputo
801 3672 921 3729 Iunium
947 3670 1097 3747 furnilium
1130 3688 1147 3729 u
1178 3672 1272 3747 stirpe
1304 3672 1345 3729 od
1373 3672 1453 3731 dene

307 3774 437 3829 aetatem
466 3770 577 3827 ordine
605 3770 805 3827 coerraticrit
832 3774 954 3843 octaua,
986 3772 1037 3843 put
1064 3786 1082 3827 u
1110 3786 1227 3843 quoque
1257 3776 1349 3843 ortus,
1381 3786 1453 3843 quos

304 3868 435 3927 honores
458 3870 627 3941 quibusque
652 3867 835 3941 temporibus
866 3870 1007 3943 cepissem
1031 3872 1110 3943 port
1137 3870 1222 3929 ruodo
1249 3868 1289 3927 M.
1311 3868 1453 3929 Mureett‘

397 4039 421 4107 1)
444 4042 538 4092 Annus
562 4037 639 4091 urbis
661 4038 792 4093 conditae
813 4038 905 4093 attico
932 4056 993 4093 eum
1009 4038 1132 4093 Varrone
1155 4038 1310 4093 eommunis
1329 4042 1384 4107 esi,
1403 4038 1452 4109 qui

306 4118 420 4187 quidem
445 4118 469 4173 si
492 4121 591 4173 auctor
613 4118 671 4173 dici
695 4118 777 4183 solet,
802 4134 927 4173 mensem
952 4118 1080 4189 diemque
1098 4120 1128 4175 L.
1144 4118 1275 4175 Tarutius
1295 4118 1451 4189 Firmanus,

304 4200 455 4253 familiaris
468 4199 613 4265 Varronis,
641 4197 793 4266 Ciceronis,
823 4198 922 4267 Attici,
953 4200 1110 4253 accuratius
1138 4200 1209 4253 eruit
1234 4200 1397 4269 (Mommsen
1423 4200 1452 4253 iu

306 4278 414 4334 chron.²
432 4300 459 4349 p.
475 4286 527 4335 146
536 4284 616 4349 sqq),
641 4279 675 4332 de
700 4294 773 4331 anno
795 4278 836 4331 nil
862 4280 955 4333 obstat
979 4280 1128 4353 qoominus
1146 4280 1235 4335 Varro
1259 4280 1384 4335 Atticum
1410 4298 1452 4335 se-

306 4363 387 4415 cutus
405 4360 452 4415 sit.
