3234 4950
314 386 416 432 xxm
563 364 612 416 DE
630 364 862 419 SCRIPTORVM
879 364 974 419 Viris
992 364 1040 415 ET
1059 364 1217 417 uenturis

628 640 678 711 M.
696 638 971 711 TERENTIVS
998 638 1162 711 VARRO

597 794 697 863 (Natus
719 812 742 847 a.
759 794 889 863 lltlssstt
919 796 1042 845 mortuus
1062 792 1186 861 illini.)

402 952 445 1009 Ex
465 952 546 1029 larga
564 950 695 1011 doctriua
713 952 888 1011 varroniana
913 970 942 1009 ea
963 970 1054 1027 parurn
1076 952 1131 1009 hura
1153 952 1365 1027 transtulimus,
1390 970 1466 1029 (quae

313 1053 426 1109 maiore
454 1068 491 1111 ex
517 1056 602 1129 parte
629 1050 668 1111 ad
693 1048 848 1111 historiam
877 1068 965 1127 quam
994 1048 1030 1107 ad
1059 1052 1247 1125 antiquitates
1273 1054 1466 1129 pertinerent.

313 1150 414 1227 itaque
445 1150 503 1207 etsi
531 1147 602 1207 libri
632 1151 684 1229 qui
717 1157 787 1207 sunt
818 1154 957 1225 quattuor
991 1148 1025 1207 de
1054 1150 1114 1207 uita
1143 1148 1243 1225 pepuli
1273 1148 1397 1207 Rotnani
1429 1148 1466 1209 ad

314 1246 347 1305 T.
363 1245 557 1325 Pomponium
574 1246 704 1309 Atticum
728 1248 819 1325 missi,
847 1264 913 1305 euni
937 1246 1058 1305 totidem
1085 1246 1169 1305 libris
1193 1246 1229 1305 de
1253 1252 1341 1325 gente
1364 1246 1467 1325 populi

312 1342 438 1405 Romani
452 1346 524 1405 artis
540 1345 671 1405 uinculis
684 1348 762 1405 inter
777 1364 809 1404 se
825 1346 975 1405 oriniuncti
990 1350 1066 1421 suut,
1082 1354 1115 1405 ut
1131 1364 1224 1405 unum
1244 1362 1337 1423 paene
1357 1364 1466 1423 seirpus

313 1444 392 1501 inter
408 1462 439 1501 se
454 1444 618 1521 effecerint7
635 1444 701 1503 illos
724 1462 875 1519 sepelirem,
892 1444 944 1503 hos
961 1444 1094 1521 recipere
1109 1444 1208 1521 malui,
1226 1462 1292 1501 (sirm
1312 1444 1355 1501 illi
1373 1446 1466 1503 uitam

313 1543 459 1619 priuatam
489 1540 715 1621 descripserint,
744 1540 775 1599 hi
803 1558 853 1599 res
875 1540 1021 1599 Romanas
1051 1540 1086 1597 ab
1116 1542 1230 1617 origine
1252 1540 1357 1601 ultima
1381 1560 1466 1619 repe-

313 1640 426 1699 tierint
466 1638 608 1699 historiae
634 1649 734 1699 tamen
760 1640 927 1719 praeceptis
955 1658 992 1699 ne
1021 1642 1052 1697 in
1081 1640 1126 1699 his
1156 1638 1276 1717 quidem
1304 1638 1466 1699 obsecutus

313 1745 368 1797 est.
403 1736 536 1797 laudauit
563 1756 631 1797 eum
659 1738 808 1817 Appianas
834 1738 878 1811 (b.
895 1756 920 1797 c.
936 1738 956 1795 I
962 1738 988 1795 V
1001 1738 1058 1809 47)
1083 1744 1115 1797 ut
1139 1738 1329 1815 φιλόσοφόν
1354 1758 1387 1797 τε
1412 1736 1465 1797 καὶ

315 1834 461 1914 ἱστορίας
486 1834 689 1915 συγγραφέα,
714 1836 852 1897 similiter
877 1854 911 1897 ac
933 1834 1143 1897 Ps·Lueiauus
1169 1836 1283 1909 (Maur.
1299 1836 1356 1909 20)
1380 1836 1463 1897 Posi-

314 1934 436 1993 donium
459 1935 660 2015 (mcloooquiv
687 1954 722 1993 τε
750 1932 815 2011 ἅμα
844 1932 896 1993 καὶ
928 1932 1071 2011 ἱστορίας
1101 1928 1323 2017 συγγραφέα),
1354 1936 1466 1993 rectius

312 2041 421 2112 tamen,
452 2032 484 2091 id
515 2032 595 2111 quod
626 2032 711 2091 libris
744 2036 797 2109 qui
829 2042 991 2111 supersunt
1023 2034 1228 2109 confirmatum
1266 2032 1465 2101 Quintilianus

315 2132 369 2207 (X,
388 2132 407 2189 1
430 2132 486 2203 95)
504 2130 572 2209 plus
598 2132 740 2191 scientiae
756 2132 789 2189 iu
807 2130 891 2191 libris
914 2132 1093 2191 doctissimis
1113 2136 1140 2191 et
1162 2132 1327 2209 cognitione
1348 2132 1466 2209 linguae

313 2228 434 2288 Latinae
457 2236 489 2287 et
510 2220 607 2287 omnis
630 2230 814 2307 antiquitatis
840 2238 869 2289 et
887 2248 988 2289 rerum
1009 2228 1186 2289 Graecarum
1206 2228 1464 2307 Romanorumque

314 2326 531 2387 abundantibus
564 2344 632 2385 eum
663 2326 823 2387 contulisse
853 2326 962 2387 iudicat
991 2346 1078 2405 quam
1109 2326 1307 2407 eloquentiae,
1338 2346 1466 2407 quocum

314 2428 504 2487 consentiunt
526 2426 645 2486 Tacitus
670 2428 700 2486 iu
726 2424 838 2504 dialogo
864 2428 902 2500 (e.
919 2426 976 2498 23)
1000 2434 1030 2488 et
1054 2424 1229 2486 Plutarchus
1253 2428 1385 2498 (Romul.
1408 2426 1463 2498 12)

315 2520 503 2605 Οὐάρρωνα
524 2523 584 2586 τὸν
604 2525 803 2606 φιλόσοφον,
823 2523 931 2602 duduc
943 2523 1112 2604 Ῥωμαίων
1130 2521 1167 2586 ἐν
1186 2521 1316 2606 losooa'q'r
1336 2525 1465 2604 βιβλια-

312 2617 501 2705 asarsual)
539 2625 692 2684 materiam
721 2623 914 2684 historiarum
940 2625 1040 2702 potius
1068 2625 1217 2700 congessit
1244 2631 1273 2684 et
1301 2623 1464 2684 cumulauit

314 2741 401 2798 quam
432 2723 563 2780 oratione
592 2723 754 2780 exornauit.
798 2721 850 2780 sed
881 2731 1048 2782 ceterorum
1079 2721 1223 2780 librorum
1252 2723 1358 2800 exigua
1386 2723 1464 2798 lrag-

312 2827 412 2880 menta
435 2819 485 2880 uel
506 2821 677 2880 testimonia
699 2839 754 2880 cur
776 2819 874 2880 lucum
898 2839 986 2880 suum
1007 2819 1057 2878 hic
1081 2819 1241 2896 obtineant,
1264 2837 1323 2880 non
1345 2827 1389 2880 est
1410 2837 1464 2878 eur

313 2917 448 2996 pluribus
478 2936 634 2997 exponam3
662 2917 777 2978 indices
807 2927 977 2996 suaserunt,
1007 2917 1085 2980 ultra
1114 2935 1186 2998 quos
1216 2923 1265 2978 aut
1293 2935 1385 2996 pauca
1416 2925 1465 2978 aut

313 3015 387 3076 nihil
411 3017 487 3076 certi
510 3018 686 3094 accepimus.

400 3114 521 3174 Initium
552 3115 656 3174 faciam
681 3133 697 3174 a
720 3122 860 3194 quattuor
886 3112 971 3176 libris
1001 3113 1061 3176 ‘De
1090 3113 1240 3176 familiis
1269 3111 1463 3194 Troianis’,

313 3211 392 3292 quod
420 3221 627 3292 argumentum
654 3221 718 3272 tum
746 3213 889 3274 nobilium
918 3215 1029 3274 animos
1058 3211 1204 3274 alliciebat
1234 3219 1262 3272 et
1293 3211 1461 3274 delectabat.

231 3296 233 3299 ⁵
313 3329 381 3372 nam
398 3319 590 3390 posteaquam
612 3311 640 3370 C.
655 3311 748 3372 lulius
767 3311 875 3372 Caesar
894 3311 1019 3372 dictator
1039 3313 1183 3390 originem
1204 3329 1288 3372 suam
1307 3317 1408 3388 aperte
1427 3311 1463 3370 ad

312 3408 441 3470 Aeneam
468 3410 595 3488 rettulit,
620 3413 707 3470 etiam
732 3409 806 3470 aliae
829 3417 944 3490 gentes,
970 3413 1182 3488 quinquaginta
1205 3411 1276 3488 fero,
1302 3415 1336 3468 ut
1360 3407 1464 3468 scribit

312 3671 374 3706 aum
395 3653 625 3724 [Dicaearchum]
643 3655 741 3722 potius
763 3655 860 3722 legeret
882 3671 963 3722 quoue
988 3669 1072 3704 riuum
1098 3655 1215 3706 litterum
1243 3655 1375 3706 scriberet.
1417 3653 1463 3720 qui

312 3751 353 3787 rue
368 3735 487 3802 epistula
498 3734 608 3800 perluit,
621 3736 659 3787 ud
673 3741 705 3798 tc,
720 3743 752 3788 ut
764 3735 855 3800 uideo,
870 3735 1019 3788 cooaeternus
1035 3735 1150 3788 occessit.
1181 3733 1337 3788 eouircrosse
1356 3735 1463 3788 mollem

313 3832 394 3883 quoru
412 3815 542 3868 restitisse
561 3815 756 3880 castrumduni,
774 3817 802 3866 se'
814 3815 892 3866 illunc
907 3813 975 3866 mibi
989 3811 1158 3866 castellandum
1171 3821 1316 3882 putassem.
1343 3813 1461 3866 Omnino

312 3893 401 3962 igitur
419 3893 571 3964 ignorauit,
589 3893 683 3962 qualis
701 3911 795 3948 rerum
814 3897 903 3946 status
925 3897 984 3946 tum
999 3895 1072 3946 esset
1086 3911 1178 3960 neque
1193 3893 1360 3948 Dicaearchi
1374 3893 1463 3946 scien-

312 3973 371 4028 tiae
389 3975 500 4044 copiam
519 3975 661 4044 aequauit.
696 3975 816 4028 eundem
829 3977 930 4042 postea
944 3971 1033 4026 Marci
1048 3973 1099 4026 filii
1114 3973 1280 4044 magistrum
1295 3973 1380 4028 fuisse
1398 3975 1463 4028 suut

313 4055 362 4120 qui
381 4059 488 4122 putent.

402 4139 428 4204 1)
448 4133 488 4188 Cf.
505 4133 560 4190 Cic.
574 4135 646 4189 Phil.
661 4136 689 4190 Π
705 4142 749 4204 41,
765 4141 815 4190 105
848 4137 923 4206 Qrtoe
945 4137 977 4188 du
1000 4137 1070 4190 uc'llu
1088 4139 1138 4190 illo
1159 4133 1304 4208 [Varronis
1323 4133 1461 4204 Casinati]

313 4223 395 4270 autea
418 4217 592 4280 diceba-utar,
618 4235 686 4286 quoe
706 4218 912 4286 cogitabantur,
937 4235 1004 4286 quoa
1027 4217 1124 4270 litteras
1153 4217 1371 4282 uroudubuutur,
1398 4217 1463 4268 lura

309 4297 408 4366 populi
429 4299 564 4364 Romani,
585 4300 754 4352 redatruare-to
775 4301 926 4362 urniorum,
951 4301 1040 4352 corruis
1062 4299 1213 4364 sapientiae
1232 4299 1304 4350 rutc'o
1323 4299 1463 4364 octenisque

312 4378 459 4432 doctrinae.
