3234 4950
311 380 473 425 xxxxvm
560 362 607 413 Db]
630 356 1038 413 1111111011111111111
1059 357 1215 413 sortiaris

312 546 408 605 supra
420 546 456 603 p.
470 530 607 607 1111111),
628 536 691 587 tum
710 526 745 587 de
759 524 924 587 Alcibiadis
944 524 1078 587 moribus
1100 528 1225 605 aeqntus
1250 526 1360 587 iudicat
1384 546 1462 587 com·

314 634 411 685 motus
446 632 583 703 respectu
614 625 793 705 Thucydidis
827 632 861 683 ut
890 620 1034 683 ‘eiusdem
1068 620 1189 683 aetatis’
1220 632 1252 683 et
1281 624 1464 705 Theopompi

316 716 409 803 (post
432 724 582 801 aliquanto
605 718 696 807 nat’)
721 724 893 799 Timaeique
914 728 950 779 ut
971 724 1004 781 iu
1027 724 1136 783 ceteris
1158 722 1249 783 rebus
1272 718 1462 783 ‘maledicen-

313 818 514 881 tissinrorum'
537 824 708 899 (1111).
746 838 923 901 quamquam
947 822 978 879 in
1002 820 1171 899 Thucydide
1198 820 1392 881 describendo
1415 840 1462 881 ac·

314 928 413 979 curata
440 920 592 997 diligentia
615 922 705 979 etiam
726 920 776 979 hio
799 919 903 979 caruit.

403 1026 513 1085 Eadem
531 1028 726 1087 inconstantia
746 1030 777 1085 in
797 1024 888 1085 rebus
906 1022 1033 1103 publicis
1052 1028 1243 1085 aestimandis
1263 1028 1390 1103 insignis
1407 1037 1462 1087 est.

312 1124 348 1183 ab
362 1142 421 1185 naa
434 1132 519 1203 parte
533 1124 633 1185 laudat
643 1124 779 1185 Miltiadis
793 1126 828 1183 in
838 1122 1041 1183 Chersonneso
1056 1124 1242 1201 tyrannidem
1256 1119 1291 1207 (I
1300 1127 1330 1200 2,
1340 1124 1381 1197 3,·
1391 1124 1420 1200 8,
1431 1128 1461 1199 4,

313 1240 387 1301 quae
411 1240 444 1283 re
468 1242 540 1283 uera
559 1224 767 1285 erudelissima
785 1214 855 1303 suit)
875 1220 924 1281 uel
950 1239 983 1279 ex
1008 1220 1226 1301 Epaminondae
1252 1226 1314 1283 uita
1335 1222 1462 1301 intelligi

310 1338 399 1399 posse
429 1320 582 1399 praedicat
613 1340 707 1381 unum
737 1322 890 1379 hominem
919 1320 1016 1397 pluris
1054 1340 1142 1398 tpuam
1179 1322 1331 1381 ciuitatem
1368 1322 1460 1381 fuisse

312 1418 378 1493 (15,
396 1420 495 1495 1111)
517 1418 612 1479 11111
638 1422 752 1499 magnis
776 1418 937 1495 liberisque
961 1417 1133 1479 ciuitatibus
1154 1418 1299 1480 inuidiam
1323 1422 1461 1481 comitem

311 1516 420 1595 gloriae
457 1536 536 1597 esse>
568 1526 601 1577 ut
635 1518 756 1577 Athenis
788 1533 892 1577 omnes
923 1517 1076 1594 principes
1105 1536 1123 1576 a
1154 1526 1318 1595 conspeetu
1348 1520 1461 1577 ciuium

312 1634 433 1675 suorum
463 1618 644 1677 recesserint
667 1616 732 1691 (12,
748 1616 777 1691 3,
792 1616 892 1690 311),
919 1614 1075 1673 inuehitur
1099 1616 1132 1673 in
1154 1634 1208 1676 sua
1230 1626 1374 1697 tempora
1397 1620 1462 1695 qui·

311 1712 366 1773 bus
387 1732 434 1773 res
456 1714 573 1793 publiea
592 1718 722 1793 potentia
741 1714 967 1773 administretur
979 1714 1075 1787 (Cato
1088 1714 1118 1787 2,
1133 1715 1168 1787 2)
1184 1714 1232 1775 uel
1248 1718 1461 1793 imperatorum

312 1812 378 1887 (17,
395 1814 422 1887 al,
438 1814 474 1885 2)
493 1814 542 1871 uel
560 1810 1047 1890 1111111111111(18,1,2),11ο11
1066 1830 1119 1889 pro
1139 1812 1274 1873 libertate
1292 1814 1399 1873 fortius
1418 1814 1460 1873 lo·

311 1916 440 1989 quantur
464 1928 550 1989 quam
575 1918 709 1989 pugnent
727 1910 772 1987 (8,
784 1912 822 1988 2,
836 1910 875 1981 4,·
898 1910 937 1985 cf.
953 1910 980 1985 1,
997 1910 1026 1987 6,
1040 1910 1085 1987 2),
1106 1910 1214 1989 prohat
1235 1914 1269 1971 in
1285 1912 1377 1973 Attici
1397 1914 1461 1973 uita

310 2010 434 2087 Augusti
449 2012 615 2087 imperium,
632 2018 737 2069 contra
748 2010 901 2069 rhetorum
914 2026 998 2067 more
1015 2028 1117 2069 eorum
1131 2012 1273 2069 uirtutem
1288 2012 1460 2089 admiratur,

311 2108 361 2185 qui
390 2114 582 2185 tyrannorum
610 2126 683 2167 nece
712 2110 839 2187 patriam
865 2108 898 2165 in
923 2107 1093 2166 libertatem
1121 2108 1274 2167 uindicare
1307 2110 1371 2169 ausi
1400 2110 1460 2167 sint

311 2206 377 2281 (20,
385 2206 412 2265 I.
425 2204 456 2283 8,
464 2204 491 2281 1,
497 2206 541 2283 2),
552 2226 650 2285 neque
664 2206 759 2267 ullum
774 2208 932 2285 imperinm
947 2212 1043 2265 tutum
1059 2224 1125 2266 esse
1139 2206 1282 2267 declamat
1295 2208 1354 2267 nisi
1369 2206 1459 2267 hene-

308 2302 438 2363 uolentia
472 2306 619 2363 munitum
654 2306 719 2381 (10,
739 2306 768 2381 5,
787 2306 827 2375 3,·
851 2304 881 2377 9,
901 2306 935 2377 5)
968 2304 1139 2381 multusque
1170 2315 1217 2363 est
1249 2306 1279 2363 in
1313 2304 1459 2365 mortibus

309 2420 414 2480 regum
446 2402 494 2461 uel
527 2410 720 2482 tyrannorum
753 2402 930 2463 exornandis
964 2410 994 2461 et
1021 2402 1249 2484 amplificandis,
1280 2406 1313 2463 in
1340 2420 1397 2480 qna
1425 2422 1459 2463 rc

308 2499 419 2578 largam
448 2505 602 2562 materiam
632 2501 799 2562 rhetoribus
829 2501 899 2562 talia
920 2519 1012 2580 opera
1034 2501 1133 2580 qudia
1154 2501 1261 2562 Phanii
1282 2501 1381 2562 Eresii
1403 2523 1458 2562 τυ·

311 2595 443 2682 pannon
468 2595 652 2682 ἀναιρέσεις
674 2595 727 2660 aul
758 2599 910 2676 τιμωρίαι
932 2601 1183 2679 Anaximenisque
1210 2601 1338 2660 rhetoris
1366 2601 1459 2680 βασι-

310 2693 393 2760 λέων
421 2699 624 2778 (1111111111
651 2699 886 2778 suppeditabant.
932 2697 1072 2758 similiter
1100 2701 1244 2758 materiae
1276 2701 1457 2778 proprietate

310 2797 416 2856 duetus
454 2797 540 2856 modo
578 2797 731 2856 honestam
770 2804 896 2856 mortem
933 2799 1014 2874 turpi
1049 2799 1130 2857 uitae
1164 2798 1327 2874 praelatam
1359 2797 1459 2856 laudat

311 2889 376 2978 (12,
393 2895 420 2968 1,
437 2895 480 2972 3),
505 2895 591 2954 modo
613 2895 801 2972 prudentiam
827 2913 843 2953 e
866 2895 1009 2972 grauibus
1031 2895 1171 2972 procellis
1196 2895 1334 2956 ciuilibus
1353 2895 1390 2954 ad
1412 2897 1458 2954 in-

309 2991 510 3054 columitatem
533 2997 758 3072 peruenientem
782 2995 987 3068 (1111111).

400 3099 457 3158 Sed
480 3099 552 3160 haec
578 3099 733 3162 diuersitas
760 3103 847 3162 etiam
869 3103 902 3160 iu
924 3103 989 3180 ipsa
1013 3103 1139 3160 materia
1160 3103 1350 3180 conspicitur.
1389 3119 1457 3162 narn

308 3201 341 3258 in
364 3197 428 3258 aliis
456 3197 561 3258 dueum
584 3201 654 3260 uitis
673 3219 722 3258 res
740 3199 862 3258 bellicas
881 3199 930 3258 uel
948 3199 1120 3276 posthabuit
1138 3201 1187 3258 uel
1206 3201 1333 3260 strictim
1351 3201 1457 3276 tetigit,

200 3297 201 3302 ’
307 3299 348 3358 ita
375 3279 550 3356 utlabulae
581 3297 712 3376 aliaeque
740 3298 925 3358 narrationes
954 3297 1040 3376 longe
1066 3305 1250 3376 superarent,
1274 3305 1303 3358 at
1326 3297 1456 3357 Datamis

194 3433 195 3436 =
308 3403 339 3456 et
361 3393 502 3454 Eumenis
527 3397 601 3456 ritae
631 3415 729 3456 rerum
760 3397 897 3456 ordinem
919 3415 1015 3474 paene
1036 3415 1120 3456 more
1143 3397 1284 3456 historiae
1310 3395 1458 3474 explicant

308 3501 338 3554 et
356 3493 522 3554 tabularum
542 3495 625 3572 copia
644 3513 735 3572 paene
753 3497 872 3556 omnino
887 3502 1002 3573 uacant,
1018 3495 1182 3573 similisque
1199 3497 1312 3574 speeies
1326 3495 1456 3554 Dioneae

309 3599 360 3652 cst.
404 3609 459 3652 nec
491 3611 635 3652 uersuum
667 3597 785 3654 numeri
818 3597 958 3672 grauitati
988 3597 1123 3654 uirorum
1149 3612 1236 3670 pares
1270 3599 1346 3654 sunt.
1385 3593 1456 3670 qnid

308 3689 387 3770 ‹puod
413 3709 519 3768 regum
546 3691 664 3750 illorum
693 3687 804 3774 uitael)
835 3700 955 3768 praeter
980 3691 1153 3750 Hannibalis
1187 3693 1320 3750 omnium
1345 3691 1456 3768 longis·

308 3791 400 3848 simae
424 3795 500 3848 sunt.
539 3807 575 3846 ex
599 3807 656 3866 qua
680 3789 878 3868 disputatione
902 3807 959 3848 neo
980 3789 1083 3848 multis
1106 3809 1144 3848 ex
1165 3789 1297 3850 lontibus
1317 3807 1366 3850 res
1386 3807 1456 3848 con·

308 3887 425 3966 quirere
455 3905 510 3948 nec
538 3905 667 3948 summas
697 3907 744 3948 res
775 3889 885 3966 eligere
911 3907 967 3948 nee
995 3896 1106 3948 certam
1131 3891 1288 3966 imaginem
1312 3885 1456 3966 Nepotem

309 3987 468 4064 depingere
492 3985 549 4044 sihi
573 3987 763 4064 proposuisse
790 3987 919 4065 adparet.

398 4219 421 4282 t)
441 4211 570 4266 Datamis
590 4215 705 4266 excusat
724 4229 789 4266 sane
810 4213 1018 4282 longitudinem
1034 4229 1129 4266 rerum
1146 4216 1288 4280 gestarum
1307 4215 1337 4266 et
1355 4213 1454 4266 obseu-

305 4293 391 4346 ritate
410 4293 438 4344 et
458 4293 575 4360 ratione,
595 4293 644 4344 sed
659 4293 819 4362 Pelopidae,
839 4311 921 4359 quem
940 4293 1009 4362 item
1027 4293 1112 4362 uulgo
1132 4293 1261 4362 ignotum
1274 4293 1360 4346 fuisse
1376 4293 1455 4359 dicit,

306 4371 396 4426 uitam
415 4371 463 4426 uix
482 4371 600 4426 dimidia
618 4375 699 4440 parde
718 4375 865 4446 transegit.
