3234 4950
700 389 934 444 Niconaouvs
1321 391 1383 454 15]

239 579 303 622 rum
321 569 487 638 temporum
508 561 643 640 scriptor,
664 557 854 619 Aurelianum
867 577 957 617 manu
978 577 1031 618 sua
1048 559 1125 616 bello
1147 561 1306 620 Sarmatico
1327 577 1384 618 una

239 659 286 718 die
313 657 504 738 quadraginta
535 667 562 718 ot
592 665 657 718 nelo
684 657 885 735 interfecisse,
913 657 1049 736 plurimis
1079 666 1175 718 autem
1207 669 1235 718 et
1258 659 1385 716 diuersis

239 757 342 818 diebus
365 757 440 816 ultra
467 765 629 836 nongentos
655 755 875 836 qninquaginta
901 757 972 814 aden
994 764 1029 814 ut
1046 757 1133 814 etiam
1155 757 1282 814 ballistia
1298 757 1385 832 pueri

238 863 265 916 ot
291 855 510 916 saltatiunculas
536 859 564 914 in
589 855 780 916 Aurelianum
803 857 876 916 tales
902 862 1121 932 componerent,
1150 857 1256 932 quibus
1282 853 1385 913 diebus

210 953 319 1014 slestis
345 953 512 1012 militariter
538 955 713 1014 saltitarenl:

323 1051 404 1112 Mille
427 1051 506 1110 mille
532 1053 611 1114 mille
636 1051 856 1114 decollauimus.

324 1169 402 1210 unus
426 1149 525 1210 homo!
551 1151 629 1210 mille
657 1151 874 1210 deettllauimns.

323 1249 404 1308 mille
427 1249 508 1308 uiuat
535 1251 584 1328 qni
607 1249 686 1308 mille
712 1249 828 1308 occidit.

325 1353 436 1406 tantum
461 1349 524 1406 uini
548 1367 633 1408 nemo
659 1347 745 1406 habet
770 1357 912 1424 quantum
935 1348 1012 1408 fredit
1036 1351 1195 1426 sanguinis,

195 1471 221 1508 ro
236 1447 307 1504 baec
341 1443 427 1506 uideo
461 1445 527 1504 esse
558 1443 732 1524 perl'riuola‚
761 1443 813 1504 sed
843 1449 912 1524 quia
937 1465 1029 1524 supra
1055 1447 1184 1522 scriptus
1215 1455 1316 1506 auctor
1343 1447 1382 1504 ita

235 1545 337 1604 cadem
365 1551 398 1602 ut
426 1549 494 1602 sunt
524 1543 636 1620 Latina,
667 1545 728 1602 suis
757 1543 876 1622 scriptis
906 1547 1044 1622 inseruit,
1072 1543 1194 1606 tacenda
1224 1563 1290 1604 esse
1323 1563 1382 1604 non

235 1641 356 1702 credidi.
393 1639 473 1700 idern
500 1641 578 1720 apud
607 1641 823 1720 Mogontiacum
852 1643 988 1702 tribunus
1019 1642 1143 1720 legionis
1170 1652 1272 1702 sextae
1294 1641 1381 1702 Galli-

235 1759 323 1800 canae
350 1741 476 1798 Francos
499 1741 662 1820 inruentes,
686 1759 753 1800 cum
778 1749 959 1820 uagarentur
980 1759 1036 1818 per
1059 1747 1152 1800 totam
1174 1741 1308 1818 Galliam,
1340 1741 1383 1799 sic

235 1839 355 1918 adflixit,
381 1847 416 1900 ut
442 1845 592 1898 trecentos
620 1855 657 1898 ex
683 1837 731 1898 bis
759 1845 860 1916 caletos
889 1839 1084 1918 septingentis
1110 1840 1297 1918 interemptis
1327 1839 1381 1898 suls

193 1963 218 2002 15
235 1955 341 1996 corona
365 1936 541 1996 uendiderit.
578 1935 658 1996 unde
679 1939 790 1996 iterum
814 1937 850 1998 de
874 1957 909 1996 eo
932 1939 1007 1996 lacta
1033 1945 1078 1996 est
1101 1937 1260 1998 cantilena:

321 2035 401 2094 Mille
434 2035 595 2114 Sarmatas,
626 2035 707 2094 mille
741 2033 869 2096 Francos
903 2035 992 2096 semel
1028 2044 1055 2094 ct
1090 2035 1180 2094 semel
1210 2035 1381 2113 occidimus,

366 2135 445 2194 mille
471 2135 575 2194 Persas
602 2137 780 2212 quaerimus

672 2381 940 2485 niconaour

321 2540 355 2609 1.
385 2548 454 2623 Vop.
476 2548 550 2609 Arar.
569 2548 659 2623 26,6
680 2546 813 2625 Denique
837 2546 1048 2625 [Aurelianos]
1070 2546 1209 2625 fatigatus
1231 2566 1266 2607 ac
1288 2566 1380 2626 prope

233 2648 315 2707 malis
346 2646 441 2707 fessus
472 2646 584 2705 litteras
613 2646 649 2705 ad
673 2644 832 2705 Zenobiam
854 2648 936 2707 misit
961 2644 1139 2705 deditionem
1163 2645 1241 2707 illius
1266 2653 1380 2727 petam,

189 2762 216 2801 ro
231 2748 320 2805 uitam
341 2746 526 2825 promittens
547 2762 671 2823 quamm
691 2742 859 2819 exemplum
877 2743 985 2802 indidi:
1008 2740 1194 2803 ‘Aurelianus
1218 2747 1380 2823 imperator

230 2844 354 2905 Romani
381 2842 462 2903 orbis
490 2850 520 2901 ct
548 2850 683 2921 receptor
712 2842 837 2903 orientis
860 2840 1005 2901 Zenobiae
1035 2842 1212 2921 ceterisque,
1234 2862 1308 2921 queis
1333 2862 1378 2901 so-

232 2944 320 3003 ciatos
346 2948 426 3001 tenet
448 2940 561 3001 bellica.
602 2946 705 3019 sponte
726 2940 822 2999 lacere
844 2940 987 2999 debuistis
1004 2940 1044 3017 id,
1068 2942 1148 3017 quod
1170 2942 1244 2999 meis
1270 2940 1377 2999 litteris

230 3060 308 3101 nuno
331 3039 464 3101 iubetur:
493 3038 672 3099 deditionem
704 3038 784 3097 enim
806 3038 957 3117 praecipio
979 3040 1146 3119 inpunitate
1168 3040 1247 3099 uitae
1271 3056 1377 3119 propo·

231 3140 294 3219 sita,
317 3140 358 3199 ita
380 3138 504 3215 utilite,
532 3136 666 3217 Zenobia,
691 3156 757 3197 curu
783 3136 843 3197 tuis
865 3156 933 3215 agas
958 3138 1057 3214 uitam,
1082 3136 1133 3197 ubi
1153 3146 1180 3197 te
1202 3156 1236 3197 en
1257 3146 1377 3197 senatus

189 3256 214 3295 aa
231 3238 404 3317 amplissimi
424 3238 568 3297 sententia
589 3236 790 3295 conlocauero.
824 3254 966 3315 gemmas
984 3254 1098 3312 aurum,
1117 3243 1282 3315 argentum,
1300 3236 1374 3295 seri*

230 3356 305 3415 cum,
322 3354 423 3415 equos
442 3336 569 3395 camelos
591 3336 620 3393 in
640 3332 803 3393 Romanum
825 3336 973 3393 aerarium
997 3332 1166 3395 conferatis,
1193 3332 1375 3413 Palmyrenis

229 3436 275 3493 ius
295 3452 380 3493 suum
403 3432 590 3493 seruabitur.’
624 3434 695 3505 (27)
718 3430 779 3491 llac
797 3434 923 3509 epistula
937 3440 1058 3511 accepta
1074 3432 1202 3491 Zenobia
1217 3432 1374 3511 superbius

228 3532 462 3611 insolentiusque
490 3532 658 3611 rescripsit,
686 3548 775 3609 quam
802 3532 867 3591 eius
897 3532 1014 3591 fortuna
1040 3530 1194 3611 poscebat,
1222 3530 1311 3591 credo
1340 3530 1376 3591 ad

229 3640 380 3693 terrorem.
420 3648 487 3689 nam
512 3634 575 3691 eius
601 3650 718 3709 quoque
741 3630 885 3707 epistulae
910 3630 1076 3707 exemplum
1099 3628 1209 3689 indidi:
1234 3626 1374 3689 ‘Zenobia

229 3866 408 3943 Theoolytus
422 3866 470 3923 ool
488 3866 628 3925 Theooles
647 3864 773 3923 Oosorob.
794 3860 999 3936 Caesarianus,
1021 3882 1122 3921 eorum
1141 3866 1230 3941 temp.
1245 3862 1375 3937 Medma

229 3960 255 4015 3.
281 3960 351 4013 ueta
373 3956 439 4013 Po.
455 3974 478 4013 e.
557 3956 725 4031 nungentos
748 3954 779 4009 P
882 3956 912 4011 4.
934 3952 968 4011 in
988 3951 1089 4011 onoP
1165 3956 1374 4027 componerent

229 4046 296 4105 ooo.
310 4046 457 4121 Epaulios
478 4062 517 4103 ooo
535 4046 611 4103 tales
631 4042 806 4121 quibusdam
832 4042 933 4101 diebus
957 4040 996 4099 t?
1090 4042 1116 4097 6.
1142 4044 1185 4101 bis
1204 4043 1285 4101 mille
1304 4044 1371 4101 odd.

228 4138 254 4193 P
266 4154 339 4195 corr.
432 4136 448 4191 7
454 4180 459 4193 .
484 4136 528 4193 bis
546 4136 627 4193 mille
649 4134 716 4193 odd.
731 4134 758 4189 P
770 4150 843 4193 corr.
856 4136 990 4192 uirorum
1009 4134 1082 4190 doct.
1096 4134 1279 4191 coniecturas
1296 4150 1326 4191 o.
1341 4135 1373 4189 to

229 4226 268 4285 etl.
285 4244 350 4283 roeo
441 4224 742 4283 ismaeliticum
832 4225 881 4281 15.
906 4222 941 4281 de
966 4214 1014 4299 eo]
1033 4220 1135 4279 ‹ieoP

314 4306 348 4393 l,
373 4316 422 4373 18.
447 4334 539 4391 prope
557 4316 664 4385 scripsi
685 4332 738 4387 pro
758 4312 788 4369 P
866 4314 916 4373 23.
940 4313 1021 4369 enim
1039 4304 1152 4369 oooPl
1237 4314 1287 4367 29.
1311 4312 1368 4367 iam

229 4404 367 4465 Oberdo'olo
