3234 4950
238 406 387 451 Lxxxrm
490 384 538 437 DE
558 384 790 437 SCRIPTORVM
807 382 901 435 Viris
921 384 966 437 ΕΤ
988 382 1142 437 SCRIPTIS

238 572 261 611 a.
284 547 426 634 tascie)
450 550 595 611 oriundus
624 570 659 609 ex
688 552 866 611 Marrucinis
895 552 1029 629 equestri
1056 548 1132 627 loco,
1162 558 1193 607 ut
1225 548 1252 607 C.
1280 548 1388 607 Catone

237 654 267 709 in
297 654 343 709 ius
372 657 477 708 uocato
504 648 603 709 tribus
625 652 700 708 uiris
730 650 901 725 obsisteret,
930 650 1082 725 processit.
1123 656 1184 707 tum
1214 664 1286 707 uero
1311 643 1389 705 bello

238 748 320 807 ciuili
344 754 454 822 exorto,
480 750 535 805 etsi
560 756 665 807 natura
689 767 742 807 sua
765 757 796 806 et
819 746 926 807 studiis
946 764 979 805 se
997 746 1074 807 trahi
1096 746 1130 805 ad
1150 748 1232 825 pacis
1251 752 1281 803 et
1300 744 1388 803 liber-

237 848 306 905 tatis
329 844 521 923 cupiditatem
548 848 612 923 ipse
635 846 672 905 ad
695 845 871 905 Ciceronem
898 844 1003 905 scribit
1028 838 1066 927 (a.
1086 840 1229 919 staffili,
1252 848 1297 903 nd
1314 842 1388 917 sam.

236 944 270 1001 X
291 944 342 1017 31,
359 937 403 1025 2),
429 962 496 1003 cum
523 944 634 1003 rrullius
663 946 755 1022 partis
786 962 851 1001 esse
879 962 939 1001 non
969 944 1085 1017 liceret,
1110 950 1142 1001 ut
1168 938 1295 1001 ‘inimici
1317 942 1389 999 insi-

238 1038 313 1100 dias’
337 1034 478 1122 (tortasse
502 1037 636 1124 Catonis)
663 1044 792 1119 lugeret,
816 1044 847 1099 in
872 1040 1005 1101 Caesaris
1031 1048 1126 1101 eastra
1152 1058 1182 1097 se
1213 1038 1337 1097 contulit
1362 1046 1389 1097 el

236 1138 271 1198 ab
297 1158 330 1197 eo
354 1138 483 1217 beirignc
507 1148 537 1199 et
560 1140 723 1199 honorilice
747 1148 888 1217 exceptus
914 1138 962 1199 uel
986 1138 1089 1199 uolens
1114 1136 1163 1197 uel
1186 1140 1299 1197 inuitus
1328 1154 1388 1195 cini-

235 1238 298 1313 nia7
326 1256 520 1315 quaecunque
549 1240 649 1296 iussus
679 1244 754 1313 erat,
778 1238 858 1297 iecit.
896 1240 939 1297 sic
967 1238 1102 1295 interfuit
1125 1236 1215 1295 rebus
1240 1234 1275 1293 ad
1299 1234 1388 1295 Rubi-

237 1352 350 1411 conem
373 1336 404 1393 in
429 1334 526 1393 Africa
551 1354 575 1394 a.
594 1331 739 1414 testea,
761 1336 799 1393 ad
821 1334 1004 1413 Pharsalum
1030 1336 1059 1393 in
1084 1334 1182 1393 Africa
1207 1352 1231 1391 a.
1250 1328 1388 1411 aalide,

235 1432 271 1491 ad
291 1432 431 1491 Mundam
453 1436 547 1511 gestis
570 1442 599 1493 et
622 1442 743 1511 praetor
763 1434 860 1493 t'actus
881 1432 952 1493 belli
974 1452 1041 1493 cum
1061 1432 1089 1493 S.
1105 1432 1244 1509 Pompeio
1264 1428 1388 1509 gerendi

235 1550 323 1589 causa
346 1532 378 1589 in
400 1532 572 1607 Hispaniam
598 1531 695 1607 rediit,
720 1532 800 1609 qnod
818 1530 943 1591 Caesare
968 1532 1124 1589 interiecto
1146 1550 1162 1589 a
1181 1528 1292 1607 Lepido
1315 1548 1387 1609 pace

235 1632 432 1707 compositum
455 1637 509 1687 est.
550 1628 655 1688 deinde
678 1628 727 1689 diu
747 1628 856 1689 dubius
874 1628 1024 1707 haerebat
1045 1628 1153 1707 quibus
1173 1628 1306 1707 partibus
1326 1634 1387 1687 tres

234 1744 304 1787 suas
330 1727 461 1805 legiones
493 1726 681 1805 adiungeret,
709 1746 776 1787 cnm
806 1746 909 1787 ornnes
937 1734 1058 1787 senatus
1082 1727 1198 1787 litterae
1225 1746 1292 1785 eum
1316 1726 1386 1783 des·

234 1831 349 1901 cenent,
374 1826 423 1883 cui
445 1826 502 1883 soli
525 1844 557 1885 se
579 1826 766 1903 prouinciam
792 1826 971 1885 traditurum
1001 1844 1066 1885 esse
1093 1825 1247 1885 credamus
1273 1826 1300 1883 ei
1322 1832 1386 1883 tum

234 1921 268 1981 ad
294 1922 422 1981 eurrdem
446 1922 623 1983 Ciceronem
646 1922 792 1983 scribenti
817 1926 853 1995 (l.
872 1942 893 1983 s,
915 1920 937 2003 p*
957 1926 1001 1997 5).
1041 1922 1159 1983 tandem
1184 1922 1221 1981 ad
1247 1922 1386 1981 triumui-

233 2028 330 2081 ratum
360 2021 455 2081 denuo
487 2024 681 2081 constitutum
711 2022 808 2081 lacere
839 2040 896 2081 non
925 2024 1021 2099 potuit
1051 2024 1122 2099 quin
1153 2022 1225 2081 duas
1253 2018 1389 2099 legiones

234 2118 392 2177 deduceret
417 2127 446 2177 et
470 2120 505 2178 ab
529 2121 655 2177 Antonio
676 2118 786 2178 Galliae
810 2120 1025 2197 transpadanae
1050 2120 1218 2197 praelectus
1243 2128 1296 2177 est.
1329 2136 1385 2195 qua

231 2220 386 2295 prouincia
411 2226 479 2295 post
497 2217 608 2277 bellum
627 2216 806 2279 Perusinum
826 2218 970 2297 spoliatus
990 2238 1044 2297 pro
1063 2226 1187 2297 patrono
1208 2236 1260 2277 suo
1282 2216 1385 2275 foedus

232 2314 446 2375 Brundisinum
479 2318 575 2375 iunxit
609 2325 638 2375 et
671 2316 823 2375 consulatu
860 2336 882 2375 a.
912 2312 1046 2385 attalia
1082 2318 1201 2375 iunctus
1235 2314 1384 2375 Parthinis

232 2414 407 2492 Salonisque
433 2414 560 2476 deuictis
583 2432 687 2474 mense
711 2432 737 2474 a.
756 2410 883 2495 3aplto
910 2414 1031 2476 Octobri
1055 2414 1256 2494 triumphauit.

319 2511 375 2572 Hic
397 2516 467 2572 linis
491 2517 570 2572 uitae
594 2517 659 2573 eins
679 2513 815 2592 publicae
835 2515 898 2574 luit.
936 2533 1004 2574 nam
1024 2533 1092 2574 cum
1112 2511 1292 2574 Octauianus
1316 2531 1383 2572 eum

231 2619 374 2688 rogasset,
396 2619 431 2670 ut
453 2631 554 2670 secum
579 2612 617 2671 ad
638 2611 750 2670 bellum
774 2613 1015 2690 proficisceretur
1035 2613 1193 2690 Actiacum,
1220 2613 1276 2670 elsi
1296 2629 1383 2688 quae·

232 2709 298 2766 dam
327 2716 430 2768 contra
459 2709 618 2768 maledicta
644 2711 764 2768 Antonii
798 2713 958 2788 scripserat
986 2711 1036 2770 uel
1068 2709 1183 2770 dixerat
1212 2711 1388 2782 (Charisi

230 2805 282 2880 80,
298 2807 342 2884 2),
369 2801 466 2883 ‘mea'7
491 2809 596 2884 inquit,
621 2805 665 2866 ‘in
688 2808 849 2868 Antonium
872 2811 983 2868 maiora
1006 2811 1113 2868 merita
1138 2815 1220 2886 sunt,
1249 2807 1328 2868 illins
1354 2811 1382 2866 in

229 2921 277 2964 me
307 2903 451 2964 beneficia
481 2907 609 2985 notiora3
636 2907 737 2982 itaque
765 2905 932 2964 discrimini
958 2915 1060 2966 nestro
1087 2925 1133 2966 me
1160 2905 1330 2966 subtraham
1356 2913 1383 2964 et

229 3021 281 3060 ero
300 3003 409 3080 praeda
429 2999 564 3062 uictoris’
579 3005 671 3075 (tell.
686 3005 727 3062 II
740 3003 792 3078 86,
807 3005 852 3078 3),
871 3023 929 3082 quo
947 3011 1048 3066 tamen
1067 3005 1145 3066 dicto
1165 3005 1289 3064 uictoris
1308 3007 1381 3062 iram

228 3117 289 3158 non
312 3105 419 3181 mouit3
452 3103 557 3179 immo,
581 3121 649 3162 cum
673 3110 758 3180 pater
780 3121 883 3162 omnes
908 3103 1036 3162 bonores
1060 3105 1214 3182 aspernari
1238 3111 1382 3180 pergeret,

228 3200 364 3258 Asinium
387 3197 503 3258 Gallum
526 3201 621 3258 silium
643 3201 702 3258 iam
728 3199 948 3260 adulescentem
974 3203 1015 3262 eis
1042 3203 1166 3262 ornauit.

166 3291 169 3294 ⁴
318 3297 427 3356 Totum
454 3299 512 3356 iam
542 3317 573 3356 se
603 3297 743 3358 litteris
771 3299 938 3376 dediderat,
968 3299 1046 3360 unde
1074 3301 1204 3360 fructum
1236 3297 1381 3360 libertatis

228 3403 386 3473 repeteret,
411 3397 459 3454 cui
483 3397 514 3453 in
539 3415 571 3454 re
595 3395 712 3474 publica
738 3396 834 3456 locum
862 3399 967 3456 trustra
993 3401 1182 3476 quaesiuerat
1202 3399 1255 3474 (cs.
1277 3417 1319 3474 ep.
1342 3399 1383 3456 orl

232 3493 292 3552 Cic,
313 3495 347 3552 X
363 3495 414 3567 31,
430 3495 468 3564 2,·
489 3495 536 3572 5)3
561 3495 659 3572 itaque
683 3513 743 3553 non
766 3497 831 3554 sine
858 3515 943 3556 causa
969 3495 1187 3574 bibliothecam,
1214 3515 1301 3574 quam
1320 3497 1380 3574 pri-

227 3609 307 3650 mam
337 3591 448 3650 Romae
483 3591 566 3667 feeit,
603 3593 634 3650 in
669 3597 743 3652 atrio
776 3593 935 3654 Libertatis
970 3613 1034 3654 esse
1066 3593 1163 3654 uoluit
1186 3595 1381 3666 (Therbeclre

222 3709 255 3766 p.
274 3692 410 3765 353qu
436 3698 465 3749 et
488 3709 581 3768 praece
607 3693 704 3750 omnia
729 3691 825 3750 studia
852 3711 903 3750 sua
928 3693 963 3750 ad
988 3695 1193 3770 antiquitatem
1220 3693 1379 3772 conuertit3

227 3807 264 3846 ne
288 3789 320 3846 in
342 3787 555 3848 bibliothecam
582 3787 703 3866 quidem
732 3789 824 3848 libros
855 3791 1043 3868 cuiusquam,
1071 3791 1122 3868 qui
1146 3791 1234 3848 eliam
1252 3791 1379 3866 uiueret⁷

225 3896 346 3964 praeter
370 3886 530 3946 Varronem
559 3889 674 3964 recepit
697 3889 839 3958 (Ptine
860 3891 886 3948 a.
909 3889 1045 3962 7,115).
1083 3905 1260 3966 quamquam
1290 3889 1379 3966 igitur

225 4057 395 4126 scriptorum
419 4057 634 4128 diligentissime
660 4059 819 4128 complexus
846 4059 1034 4128 cognitionem
1057 4063 1181 4114 nostram
1204 4061 1316 4114 deeius
1337 4059 1377 4112 in-

225 4137 299 4204 dole,
324 4142 463 4206 quantum
487 4155 561 4190 nunc
585 4137 645 4191 fieri
669 4139 776 4206 potuit,
797 4139 887 4202 auxit,
913 4141 965 4194 etsi
986 4141 1019 4194 de
1045 4141 1113 4208 ipsis
1132 4141 1257 4194 historiis
1279 4141 1378 4194 aPlu-

224 4219 323 4272 tarcho
343 4219 530 4286 Appianoque
552 4217 688 4272 adhibitis
705 4235 751 4272 me
770 4221 806 4272 ab
826 4237 860 4272 eo
879 4221 1027 4274 dissentire
1043 4237 1093 4290 per
1107 4223 1196 4274 totam
1216 4235 1307 4272 meam
1322 4221 1377 4274 dis-

224 4299 403 4366 putationem
418 4299 575 4368 apparebit.
588 4330 622 4338 —
636 4299 679 4352 De
692 4299 753 4352 uita
768 4299 803 4354 cf.
816 4301 901 4354 etiam
916 4301 1109 4358 Drumannum
1123 4301 1149 4356 h.
1159 4299 1269 4368 Μὴ).
1283 4307 1376 4354 a-1a.

225 4377 334 4434 Groebe
354 4381 431 4448 apud
450 4378 726 4446 Pauly-Wissowam
744 4381 770 4430 Π
790 4387 974 4434 1589-1602.
