3234 4950
291 383 463 428 LXXXXHH
539 359 585 412 DE
607 359 839 414 SCRIPTORVM
857 359 951 410 VlTlS
971 359 1018 410 ΕΤ
1038 353 1197 412 sculptis

379 527 437 588 Sed
467 527 568 604 redeo,
598 535 629 586 ut
660 533 729 586 utro
755 543 893 584 sermone
921 527 972 584 hic
998 534 1115 602 auctor,
1145 542 1198 602 per
1222 543 1308 602 quem
1336 541 1383 582 res
1408 525 1442 582 alt
1498 557 1501 621 ξ

290 629 389 686 Asinio
422 623 456 686 ad
485 625 675 684 Plutarchum
702 625 929 702 Appianumque
962 623 1116 700 linxerint,
1144 641 1218 682 usus
1244 623 1296 699 sit,
1325 621 1442 680 tandem

290 725 449 784 ahsoluam.
488 721 623 800 pluribus
653 721 752 782 ucrhis
780 721 978 800 supersedere
999 739 1132 798 possem,
1160 722 1220 780 nisi
1241 719 1275 778 Ε.
1294 719 1443 780 Schwartz
1499 718 1501 721 ’

290 827 320 882 in
346 825 557 882 commentario
583 839 634 880 suo
663 821 695 880 de
717 821 851 898 Appiano
874 818 1025 878 subtiliter
1043 821 1155 896 scripto
1174 817 1212 877 ad
1230 819 1355 877 latinum
1374 835 1443 878 auc-

289 929 383 980 torem
418 919 487 980 libri
514 935 541 980 11
569 927 599 978 et
631 933 671 978 ΙΙΙ
703 919 892 996 peruenisset
922 921 962 989 (c.
986 918 1075 989 233).
1117 915 1309 976 fundamenta
1344 924 1442 976 tamen

290 1021 353 1078 eius
379 1019 527 1096 opinionis
553 1015 710 1076 admodum
736 1015 847 1076 caduca
869 1024 946 1074 sunt
981 1016 1079 1076 tirmat
1102 1017 1182 1076 enirn
1207 1017 1355 1076 sermonis
1379 1017 1443 1074 eius

289 1117 479 1176 Latinitatem
499 1115 568 1174 solis
591 1121 729 1194 quattuor
747 1113 819 1172 locis
837 1115 890 1186 (II
909 1115 966 1184 70;
986 1115 1038 1172 te.
1056 1115 1078 1172 I
1083 1115 1108 1171 λ’
1123 1115 1175 1172 12.
1203 1115 1230 1171 V
1243 1115 1310 1190 4¹5),
1336 1111 1443 1190 quihus
1500 1098 1503 1146 Ξ

290 1213 329 1274 nil
360 1217 418 1274 nisi
444 1213 500 1274 hoc
530 1233 623 1274 unum
653 1213 782 1272 allicitur
805 1213 986 1290 Appianum,
1014 1215 1041 1272 si
1061 1220 1177 1289 posset,
1202 1220 1358 1272 auctorum
1381 1229 1443 1268 ser·

289 1331 375 1370 mono
390 1311 494 1370 Latino
508 1311 668 1390 gloriatum
683 1329 756 1388 esse,
773 1311 804 1370 id
818 1309 898 1388 quod
914 1311 948 1370 de
964 1319 1159 1388 procuratore
1176 1313 1365 1388 imperatoris
1384 1327 1443 1370 non

289 1413 395 1468 mirum
414 1415 465 1470 est.
487 1413 574 1470 immo
592 1427 667 1486 qnae
682 1419 762 1468 certa
779 1415 896 1468 exstant
911 1427 1013 1468 eorum
1030 1409 1176 1468 sermonis
1189 1409 1326 1484 uestigia,
1339 1407 1441 1466 Graeci
1501 1404 1503 1407 ’

289 1515 367 1568 sunt.
401 1507 457 1568 duo
484 1511 541 1568 iarn
565 1525 654 1586 supra
675 1511 725 1582 (p.¹
739 1511 890 1578 ratarum)
912 1507 1008 1586 tetigi,
1035 1525 1068 1566 ex
1090 1523 1193 1584 magna
1215 1506 1340 1566 aliorum
1363 1505 1442 1564 loco-

290 1623 356 1664 mm
380 1605 568 1682 abundantia,
593 1607 652 1682 qui,
676 1613 707 1664 ut
734 1623 897 1664 consensus
922 1607 1047 1682 Appiani
1075 1613 1106 1664 et
1126 1603 1281 1664 Plutarchi
1303 1623 1340 1664 ex
1363 1603 1443 1662 Stra·

287 1703 366 1762 hone
390 1701 599 1782 explicaretur,
622 1705 783 1762 maximam
806 1712 922 1780 partem
944 1702 1061 1762 collecti
1087 1709 1165 1779 sunt,
1186 1701 1241 1762 hos
1264 1703 1323 1760 huc
1347 1709 1442 1760 trans-
1501 1703 1505 1730 l

289 1801 393 1862 l'eram:
420 1803 492 1880 App.
506 1801 533 1860 ll
556 1797 596 1860 td
616 1801 761 1880 βοῶντος
782 1799 939 1872 Κάτωνος
959 1797 1307 1880 διαμαστροπεύεσθαι
1327 1799 1443 1879 γάμοις

289 1897 349 1978 τὴν
379 1895 485 1980 ἀρχήν
505 1927 539 1946 ==
562 1897 635 1958 Plut.
664 1899 744 1958 Caes.
772 1895 813 1958 14
847 1895 1002 1970 Κάτωνος
1033 1898 1179 1976 βοῶντος
1213 1895 1274 1959 οὐκ
1305 1893 1443 1958 ἀνεκτὸν

289 1989 374 2056 εἶναι
398 1995 514 2078 γάμοις
541 1993 909 2078 διαμαστροπευομένης
930 2003 988 2074 τῆς
1006 1993 1119 2077 ἀρχῆς,
1138 2015 1208 2056 narn
1226 1997 1354 2056 ucrhum
1372 1993 1443 2054 δια·

287 2091 576 2172 μαστροπεύεσθαι
595 2113 741 2174 nusquam
760 2105 918 2172 praeterea
934 2097 1089 2156 inuenitur
1105 2097 1164 2165 (El.
1178 2097 1274 2156 areos
1292 2097 1443 2156 Berusetis

288 2195 491 2254 litteratura.
511 2193 598 2252 1885
623 2213 647 2252 c.
671 2195 779 2266 1010),
813 2203 845 2252 et
871 2196 942 2272 dpp.
965 2193 992 2252 ll
1015 2189 1057 2252 76
1093 2187 1161 2274 (ubi
1192 2191 1301 2252 Cacsar
1333 2191 1442 2252 milites
1504 2272 1506 2279 Ι

289 2309 358 2350 suos
382 2291 418 2352 ad
437 2289 610 2350 Pharsalum
629 2291 812 2370 adhortatur,
836 2299 870 2352 ut
892 2293 1028 2370 equitum
1051 2291 1277 2350 adulescentum
1300 2309 1352 2350 ora
1374 2291 1442 2350 telis
1504 2282 1506 2327 j

286 2381 402 2470 petant)
430 2385 467 2450 οὐ
497 2385 560 2468 γάρ
585 2385 692 2450 οἴσειν
718 2387 874 2473 ἀπείρους
896 2385 950 2450 καὶ
976 2385 1071 2460 νέους
1102 2385 1365 2468 ὡραϊζομένους
1395 2383 1442 2450 ἔτι
1504 2440 1507 2443 ε

287 2486 346 2549 τὸν
371 2484 401 2559 ἐς
427 2484 464 2549 cd
489 2492 647 2569 τρώσαντι
672 2486 834 2551 κίνδυνον
854 2518 886 2535 =
907 2490 984 2547 Plut.
1001 2488 1104 2565 Pomp.
1123 2484 1167 2547 69
1186 2486 1227 2548 ού
1246 2486 1309 2569 γάρ
1329 2496 1442 2569 μενεῖν
1504 2483 1507 2548 ff

288 2586 366 2655 τοὺς
388 2586 509 2657 καλούς
529 2582 669 2657 τούτους
688 2582 743 2647 καὶ
762 2582 935 2667 ἀνθηροὺς
952 2586 1172 2667 πυρριχιστὰς
1189 2585 1246 2647 διά
1264 2587 1324 2647 τὸν
1345 2583 1442 2667 dont·-
1504 2625 1508 2666 η

289 2682 373 2759 σμὸν
391 2674 471 2745 οὐδὲ
492 2680 701 2761 ἀντιβλέψειν
727 2682 810 2763 πρὸς
826 2682 886 2745 τὸν
910 2682 1051 2763 σίδηρον
1073 2678 1112 2745 ἐν
1133 2682 1326 2764 ὀφθαλμοῖς
1351 2684 1442 2763 paud·
1504 2673 1507 2676 ¹

289 2802 398 2861 μενον.
445 2780 527 2841 Caes.
548 2778 590 2841 dh
616 2778 712 2853 νέους
738 2776 772 2841 δὲ
799 2778 853 2843 καὶ
875 2790 1047 2863 κομῶντας
1070 2776 1123 2843 ἐπὶ
1147 2780 1260 2843 κάλλει
1285 2778 1338 2841 καὶ
1363 2778 1440 2863 ὥρα

289 2876 431 2959 μάλιστα
457 2878 513 2951 τάς
543 2878 694 2951 τοιαύτας
723 2880 852 2961 πληγάς
876 2878 1068 2954 ὑπόψεσθαι
1092 2874 1146 2941 καὶ
1171 2878 1214 2959 μὴ
1238 2887 1353 2961 μενεῖν
1373 2882 1440 2941 κτλ.
1505 2921 1508 2940 ι

378 2976 462 3039 Nunc
493 2980 658 3057 quaeritur,
687 2980 762 3039 iutra
790 2998 864 3057 quos
888 2982 1032 3039 terminos
1055 2981 1086 3037 in
1110 2980 1236 3057 Appiani
1256 2976 1335 3039 bello
1359 2980 1442 3039 ciuili
1505 2979 1509 3046 ζ

288 3076 362 3135 haec
389 3076 514 3153 uestigia
546 3084 713 3155 appareant.
752 3084 840 3155 atque
868 3077 982 3136 Bailleu
1004 3076 1125 3153 quidem
1154 3082 1173 3135 λ
1190 3096 1215 3135 s.
1234 3076 1344 3155 aliique
1372 3096 1440 3137 con·

289 3192 409 3233 sensum
438 3176 515 3233 inter
540 3176 704 3251 Appianum
736 3180 763 3235 et
790 3174 995 3253 Plutarchum,
1023 3177 1073 3255 qui
1092 3174 1123 3251 ll
1148 3170 1169 3233 8
1192 3168 1226 3256 (d
1249 3168 1287 3235 δὲ
1309 3174 1440 3254 Καῖσαρ

290 3264 470 3351 στρατηγὸς
490 3268 521 3345 ἐς
537 3266 684 3351 Ἰβηρίαν
703 3268 865 3356 αἱρεθεὶς)
883 3306 927 3315 ᾗ
948 3270 1009 3333 tlt
1028 3270 1298 3345 Ἐκτελεσθέντος
1315 3266 1354 3333 δὲ
1371 3282 1441 3345 τοῖς
1506 3293 1509 3331 t

289 3374 430 3447 φονεῦσι
452 3366 593 3431 τοσοῦδε
614 3366 730 3453 dyona)
751 3372 935 3431 manufestus
959 3381 1012 3449 est,
1038 3374 1187 3451 persecuti
1212 3390 1278 3431 esse
1301 3372 1359 3430 sihi
1381 3372 1440 3429 uisi

289 3474 359 3525 sunt
374 3468 460 3527 etiam
477 3486 531 3545 per
547 3468 661 3547 reliqua
677 3474 770 3547 capita
786 3470 874 3531 huius
893 3468 963 3529 litui
984 3479 1011 3530 et
1031 3488 1086 3549 per
1104 3470 1196 3529 libros
1211 3472 1332 3531 tertium
1354 3488 1440 3547 quar·
1506 3519 1509 3549 ἱ

289 3572 409 3643 tumque
422 3560 625 3649 (Kornemaun
642 3584 738 3645 usquc
753 3566 790 3627 ad
805 3570 894 3627 tinem
908 3570 999 3627 totius
1014 3570 1122 3647 operis,
1135 3570 1197 3627 αι’ά.
1208 3588 1233 3627 c.
1239 3586 1273 3645 μ.
1286 3563 1439 3651 ιααανα);

289 3672 318 3723 at
340 3666 492 3741 Appianus
515 3684 572 3741 quo
598 3666 698 3723 lanore
724 3668 755 3725 in
778 3664 975 3727 Octauianum
998 3664 1110 3725 librum
1126 3669 1265 3744 quintum
1288 3667 1389 3743 inlicit,
1409 3675 1441 3726 ut

287 3762 441 3821 Perusiam
459 3762 506 3821 ah
533 3764 608 3843 ipsis
637 3762 752 3823 cinthus
778 3764 960 3824 combustam
992 3764 1240 3843 aduersariosque
1271 3766 1439 3825 interlicere
1506 3749 1509 3759 ¹

289 3858 486 3921 Octauianum
510 3880 525 3919 a
550 3860 693 3921 militibus
718 3870 853 3921 coactum
877 3880 942 3921 esse
966 3870 1068 3923 narret
1088 3857 1125 3945 (V
1143 3858 1212 3945 49),
1233 3872 1262 3921 et
1282 3882 1357 3941 qnae
1375 3864 1440 3921 eins

289 3958 420 4019 facinora
439 3960 573 4019 excusari
593 3978 653 4019 non
673 3962 797 4037 possint,
817 3959 892 4038 aliis,
907 3960 991 4021 uelut
1003 3960 1164 4022 lleuodoro
1182 3960 1312 4021 inculcet
1330 3969 1439 4021 totum-

289 4074 345 4133 que
367 4074 440 4135 opus
454 4058 518 4117 eius
534 4056 620 4117 laude
635 4058 792 4117 concludat
808 4062 848 4131 (c.
864 4060 937 4119 130.
956 4060 1047 4137 132),
1061 4058 1171 4119 leniter
1187 4078 1255 4119 eum
1275 4062 1335 4119 iam
1355 4062 1438 4119 initio

288 4278 419 4349 Κάσκα,
446 4278 478 4335 τί
504 4284 639 4351 ποιεῖς’;
671 4284 685 4337 ὁ
708 4284 740 4337 δὲ
763 4284 871 4351 πλήξας
889 4282 1080 4353 Ἑλληνιστὶ
1105 4284 1175 4351 πρὸς
1195 4285 1254 4340 τὸν
1273 4284 1436 4353 ἀδελφόν

289 4360 417 4429 ‘Artatus
438 4362 582 4431 βοήθει’,
603 4362 650 4417 ubi
673 4362 788 4417 diducta
808 4366 894 4419 uerba
913 4364 942 4419 in
962 4369 1083 4431 utraque
1103 4366 1164 4419 uita
1182 4366 1282 4419 eadem
1301 4368 1372 4419 sunt.
