3234 4950
626 385 651 440 C.
674 387 815 442 PLINIVS
834 387 1022 442 SECVNDVS
1329 391 1397 436 CLV

253 555 395 616 iudicium
421 573 507 616 suum
530 553 691 632 protulisse
709 555 778 616 inde
801 565 931 634 apparet,
953 557 1032 635 (pund
1051 555 1101 616 ille
1120 577 1205 616 suum
1225 559 1263 616 ita
1286 557 1397 618 denun-

253 649 306 706 tiat
328 639 392 704 Kal
419 641 479 706 οὐκ
504 639 635 716 ἀπεικός
659 641 756 724 ἐστιν,
782 645 829 704 hic
856 643 933 720 ‘qu
958 655 993 706 at
1014 643 1237 725 coacessertm',
1259 654 1323 706 tum
1349 649 1396 706 de·

253 745 357 804 clamat
386 749 511 821 uterque
542 743 575 802 de
605 745 755 804 atrocitate
784 743 854 802 helii
882 745 980 803 ciuilis
1004 745 1123 824 Sullam,
1151 745 1285 824 Marium,
1312 745 1396 806 Pom-

251 845 349 922 peium
374 845 528 902 nominans
555 841 637 916 (om.
658 843 687 902 9.
710 845 777 904 hist.
800 844 919 916 1137).

339 941 400 1000 Hoc
425 943 516 1018 igitur
545 943 669 1000 euicisse
698 943 782 1002 nohis
812 943 949 1004 uidemur
978 961 1164 1002 communem
1190 943 1273 1002 illum
1299 952 1396 1004 aucto·

252 1059 315 1102 rem
337 1039 527 1100 historiarum
554 1049 642 1100 testes
666 1043 854 1120 potissimum
878 1039 1008 1102 oculatos
1027 1050 1057 1102 61
1075 1039 1193 1102 audisse
1212 1049 1243 1102 et
1260 1041 1396 1102 laudasse

251 1141 417 1218 librumque
437 1137 486 1198 uel
505 1141 731 1198 commentarios
752 1159 820 1200 suos
837 1147 906 1218 post
926 1139 1067 1200 Caecinae
1085 1148 1211 1200 mortem
1232 1143 1397 1220 scripsisse.

252 1239 323 1300 illud
352 1245 450 1298 autem
479 1237 513 1296 ah
542 1239 661 1316 ingenio
687 1237 772 1298 Plinii
803 1236 941 1300 ahlrorret
968 1237 1060 1300 libros
1086 1241 1186 1317 ponus
1214 1241 1341 1318 legentis
1370 1247 1400 1300 et

252 1339 450 1416 excerpentiS,
473 1335 528 1396 hoo
555 1357 570 1396 a
593 1343 740 1416 tempore,
769 1339 909 1414 quoniam
936 1336 1006 1396 111111
1029 1333 1064 1396 ‘A
1087 1339 1145 1396 sme
1170 1339 1277 1398 Aufidii
1302 1335 1396 1398 Bassi'

252 1429 413 1516 11771830
440 1435 508 1494 ‘iam
531 1433 657 1514 pridem'
690 1435 724 1496 ad
753 1437 841 1494 lmem
866 1435 1003 1515 perducti
1025 1444 1111 1496 erant
1133 1437 1252 1512 (11.4).
1298 1440 1398 1518 itaque

252 1535 370 1594 Tacitus
393 1535 546 1594 materiam
570 1533 660 1610 illam,
692 1555 776 1612 apuam
808 1535 919 1594 leuiore
943 1553 1030 1612 opera
1055 1534 1230 1596 Plutarchus
1253 1537 1282 1594 in
1310 1555 1396 1596 sunm

252 1653 417 1696 sermonem
438 1633 594 1712 transtulit,
621 1633 777 1694 Suetonius
800 1635 954 1712 excerpsit,
980 1633 1091 1694 collatis
1117 1633 1181 1694 aliis
1199 1635 1396 1714 scriptoribus

253 1727 333 1816 (nam
379 1733 412 1792 de
453 1733 524 1792 actis
565 1723 680 1816 domm)
722 1735 914 1810 examioauit,
951 1735 1135 1810 retractauit,
1173 1735 1264 1792 nimia
1301 1735 1399 1794 studia

251 1833 390 1894 Flauiano
419 1831 557 1892 abstersit
569 1825 606 1914 1),
630 1831 803 1908 Vipstannm
832 1831 999 1892 Messallam
1026 1832 1153 1892 amicum
1182 1833 1243 1910 his,
1268 1831 1397 1894 Plinium

252 1933 336 1992 amici
352 1931 530 1990 auunculum
551 1931 767 2008 opportunitate
788 1929 891 2009 reblata,
906 1949 944 1990 ne
963 1932 1136 1990 memoriam
1155 1951 1258 1990 eornm
1277 1934 1396 1990 omnino

251 2031 432 2110 obscuraret,
456 2029 546 2090 semel
570 2029 691 2088 honoris
715 2047 804 2090 causa
827 2031 915 2089 etiam
939 2023 1139 2112 nominauit.)

339 2127 411 2198 Quis
441 2137 537 2188 temen
567 2127 615 2188 ille
644 2127 746 2206 inerit,
775 2147 835 2188 nou
868 2129 961 2188 solum
995 2131 1112 2188 nescire
1143 2147 1192 2188 mc
1223 2129 1317 2188 tatcor
1346 2127 1398 2188 sed

253 2231 339 2290 etiam
363 2245 481 2308 operam
505 2227 691 2306 perditurum
714 2245 792 2306 esse,
822 2229 847 2286 si
876 2227 952 2288 ultra
982 2227 1199 2306 inquisiuerim.
1247 2229 1271 2286 si
1301 2233 1397 2289 autem

252 2329 298 2388 cui
326 2329 435 2386 mirum
463 2325 612 2404 uideatur,
641 2323 718 2404 quod
750 2325 881 2386 illustres
908 2327 1069 2404 scriptores
1098 2327 1134 2386 ad
1159 2325 1285 2386 eundem
1310 2327 1396 2386 delati

253 2429 311 2489 sint
334 2427 456 2505 eiusque
481 2443 518 2485 66
542 2443 649 2487 nomen
671 2425 789 2505 quidem
811 2425 951 2485 traditum
971 2426 1018 2504 sit,
1043 2425 1098 2487 hoc
1118 2443 1177 2485 non
1196 2444 1266 2487 casu
1287 2427 1396 2487 iactum

252 2532 303 2587 est.
350 2546 416 2585 nam
443 2546 510 2585 cum
533 2524 695 2585 eorundem
717 2528 852 2585 uirorum
887 2526 1100 2585 consuetudine
1133 2533 1298 2603 uterentur,
1331 2526 1396 2605 qui-

251 2626 375 2687 buscum
399 2624 590 2685 admiratione
615 2628 725 2687 ueteris
752 2624 793 2685 rei
818 2624 952 2703 pruhlicae
977 2626 1156 2703 uirtutisque
1186 2632 1272 2705 atque
1301 2625 1396 2703 graui·

251 2726 319 2785 tatis
344 2730 462 2783 senatus
488 2726 637 2783 coniuncti
662 2732 768 2803 essent,
800 2722 849 2783 ille
873 2726 992 2801 ignotus
1015 2731 1119 2783 auctor
1140 2726 1204 2801 pari
1229 2722 1327 2783 studio
1352 2726 1396 2783 in·

252 2818 357 2885 census
383 2830 410 2883 61
436 2822 533 2883 oculos
560 2824 690 2883 omnium
717 2822 835 2883 illorum
866 2822 949 2882 facile
978 2822 1009 2880 in
1038 2842 1069 2882 se
1098 2822 1273 2883 contrahere
1301 2822 1398 2901 potuit

251 2930 279 2983 et
304 2942 335 2981 ea
359 2924 422 3001 ipsa
445 2922 477 2981 de
505 2940 599 2999 causa,
625 2922 683 2981 nisi
704 2922 847 3001 iniquitas
872 2922 1006 2981 fortunae
1029 2922 1179 2983 obliuione
1202 2940 1270 2981 eum
1290 2922 1396 2998 obruit,

251 3022 342 3081 Taciti
374 3020 564 3099 Suetoniique
593 3018 706 3097 fulgore
734 3022 938 3101 praegrauari,
965 3038 1033 3079 cum
1064 3019 1114 3079 ille
1142 3020 1321 3098 elocutione,
1348 3020 1397 3079 hic

253 3120 401 3199 diligentia
434 3120 575 3179 florerent
621 3126 648 3179 et
693 3122 802 3179 maiora
837 3118 983 3197 quaedam
1023 3125 1191 3197 temporum
1238 3136 1396 3197 rerumque

252 3222 344 3299 spatia
371 3218 495 3297 amplexi
519 3226 627 3279 essent.

340 3316 405 3395 Sed,
425 3326 457 3377 ut
476 3318 512 3377 ad
530 3317 658 3377 Plinium
679 3320 774 3395 ipsum
802 3324 996 3394 reuertamur,
1019 3318 1138 3377 Tacitus
1156 3318 1189 3375 in
1212 3316 1396 3378 annalium

251 3420 335 3477 tertia
369 3416 479 3477 hexade
514 3418 600 3477 etiam
632 3416 744 3475 duobus
773 3416 845 3475 loeis
875 3434 942 3475 eum
971 3418 1085 3495 citauit,
1117 3434 1177 3476 uno
1204 3434 1271 3475 6661
1302 3416 1396 3475 661661

252 3518 303 3593 (fr.
326 3518 369 3593 (i),
397 3522 430 3575 ut
453 3524 575 3595 propter
597 3514 810 3575 absurditatem
834 3532 901 3575 cum
934 3514 1132 3593 redargueret,
1165 3516 1256 3575 altero
1281 3516 1335 3591 (fr.
1361 3516 1394 3587 5)

251 3634 307 3675 una
328 3634 394 3675 cum
414 3614 517 3675 Cluuio
536 3632 688 3695 opponens
707 3614 795 3673 Fabio
815 3614 946 3692 Rustico,
968 3632 1056 3673 suuni
1075 3612 1219 3673 iudicium
1241 3614 1396 3691 colrihens3

251 3714 302 3773 sed
327 3714 413 3773 etiam
439 3716 524 3773 161116
550 3714 648 3787 (XIV
663 3714 697 3787 2)
729 3730 797 3773 euni
826 3714 856 3771 16
887 3721 987 3773 mente
1015 3712 1131 3790 hahuit,
1161 3712 1212 3773 uhi
1241 3720 1395 3791 postquam

250 3814 395 3871 incestum
419 3812 544 3871 Neronis
570 3812 805 3891 Agrippinaeque
829 3810 994 3871 secundum
1018 3810 1155 3872 Cluuium
1181 3812 1321 3886 narrauit,
1344 3812 1396 3871 Fa·

250 3910 331 3971 hium
354 3908 509 3971 Rusticum
533 3930 596 3971 eam
623 3908 737 3989 culpam
762 3912 790 3969 in
817 3908 972 3987 Neronem,
996 3928 1055 3969 non
1079 3928 1146 3971 cum
1170 3910 1219 3969 illo
1244 3911 1396 3990 16113116-

340 4100 364 4169 1)
384 4100 482 4169 Itaque
498 4100 664 4169 Vespasiani
691 4100 920 4169 proconsulatum
940 4100 1051 4153 Africae
1074 4100 1189 4153 Tacitus
1206 4100 1234 4153 Π
1253 4106 1285 4152 97
1308 4100 1395 4153 famo-

251 4200 310 4235 sum
329 4180 507 4249 inuisumque
525 4180 612 4235 fuisse
633 4180 708 4247 dicit,
730 4180 1006 4249 SuetoniusVesp.4
1027 4180 1240 4249 integerrimum
1262 4196 1314 4235 666
1337 4182 1396 4233 sine

250 4278 352 4331 magna
368 4262 539 4331 dignatione.

338 4344 364 4413 2)
384 4342 469 4397 Miror
489 4344 564 4409 quod
582 4342 670 4397 Tabia
690 4362 715 4413 p.
733 4350 781 4397 att
805 4344 838 4397 de
860 4342 996 4397 Cremona
1014 4344 1128 4397 obsessa
1151 4342 1201 4397 hos
1222 4342 1297 4397 solos
1316 4342 1397 4397 Taci-

249 4426 309 4477 tum
329 4424 501 4477 consuluisse
521 4424 663 4479 conclusit.
