3234 4950
225 387 356 434 chvnl
473 365 522 418 DE
540 363 771 418 SCRIPTORVM
788 363 884 418 virts
902 363 949 416 ET
968 361 1125 416 scalpris

225 535 326 614 diique
357 535 578 594 successionem
606 529 795 592 describeret.
835 549 902 592 nam
936 531 1008 590 haee
1036 529 1130 590 multo
1162 531 1256 590 maior
1288 529 1371 608 copia

224 651 327 693 rerum
353 649 421 692 cum
451 633 620 690 narratione
649 637 815 690 ceterarum
842 649 942 688 rerum
965 629 1001 688 ab
1025 627 1254 706 imperatoribus
1277 637 1372 706 gesta·

224 751 303 808 rum,
337 749 411 808 quae
440 729 476 790 ad
504 727 627 790 ludaeos
654 746 714 788 non
742 731 922 806 pertineant,
953 727 1112 808 discrepat,
1145 727 1241 786 Cluuii
1273 735 1372 786 autem

223 830 319 906 ipsius
351 831 476 905 mentio,
500 847 575 906 quae
602 829 665 904 ipsa
694 845 749 904 per
777 845 808 886 se
838 825 911 886 nibil
936 824 1026 904 ualet,
1050 845 1108 886 non
1134 823 1219 886 uideo
1246 845 1301 904 qua
1327 843 1372 886 ru-

224 929 305 987 tione
330 927 471 1006 explicari
494 929 596 1006 possit,
619 927 679 984 nisi
702 943 736 984 ex
762 927 827 984 eius
849 925 981 984 historiis
1007 925 1132 1002 repetita
1153 931 1206 1002 cst,
1227 925 1372 1004 pluraque

223 1027 256 1084 in
284 1045 318 1084 ea
345 1033 428 1102 parte
456 1023 598 1102 Iosephus
627 1041 715 1102 cluam
738 1023 814 1084 solet
842 1021 969 1084 Romana
1000 1025 1112 1084 ratione
1139 1021 1172 1082 de
1198 1041 1229 1084 re
1255 1021 1373 1102 publica

225 1123 431 1184 constituenda
456 1123 607 1183 declamat.

314 1219 395 1292 Quae
414 1223 440 1280 si
459 1230 539 1282 recte
560 1221 707 1298 disputata
725 1226 801 1297 sunt,
824 1219 918 1280 Cluuii
939 1221 1079 1280 historiae
1097 1221 1255 1296 minimum
1277 1239 1372 1300 usquc

226 1321 263 1380 ad
286 1319 341 1380 Gai
362 1339 468 1380 necem
491 1319 698 1398 ascenderunt,
716 1319 841 1379 fortasse
861 1321 950 1378 etiarn
967 1319 1093 1380 ulterius
1112 1339 1208 1396 usque
1228 1317 1373 1380 adfinem

225 1419 299 1480 alius
330 1421 497 1498 scriptoris,
525 1419 626 1478 nescio
655 1421 748 1478 cuius.
785 1424 848 1478 tum
871 1429 948 1478 'uero
976 1435 1034 1478 non
1068 1417 1265 1478 substiterunt
1297 1419 1374 1476 intra

225 1519 316 1578 uitam
340 1517 476 1595 Neronia,
499 1526 532 1576 ut
553 1516 646 1576 Fabia
660 1537 695 1594 p.
715 1519 786 1578 176.
807 1519 872 1576 378
898 1517 1055 1576 arbitratus
1081 1525 1133 1594 est,
1157 1517 1209 1576 sed
1234 1517 1313 1596 quod
1336 1535 1373 1576 ex

225 1635 314 1696 prece
339 1614 388 1676 illa
408 1617 515 1676 ueniae
536 1615 686 1695 discimuS,
711 1635 759 1676 res
777 1635 872 1696 usque
892 1615 927 1674 ad
943 1617 1073 1694 Verginii
1090 1623 1190 1694 partes
1210 1621 1373 1676 transactas

226 1707 260 1797 (i.
276 1735 299 1774 e.
315 1713 352 1774 ad
369 1713 494 1774 Othonis
515 1709 654 1798 mortem)
675 1714 860 1775 deduxerunt
883 1707 986 1798 (quare
1012 1723 1136 1774 nonest
1159 1731 1280 1774 necesse
1303 1711 1373 1774 1113

226 1831 262 1873 ex
282 1813 409 1874 Neronis
427 1815 569 1874 memoria
590 1822 763 1894 excerptum
781 1832 847 1874 csse
868 1807 1007 1896 opinari),
1027 1813 1150 1874 fortasse
1170 1813 1259 1872 etiam
1277 1831 1373 1892 usque

226 1911 265 1972 ad
283 1913 402 1972 initium
423 1911 542 1990 imperii
561 1913 740 1990 Vespasiani,
766 1933 823 1990 quo
847 1911 968 1978 libertas
992 1911 1040 1970 illa
1060 1911 1235 1990 Verginiana
1258 1909 1373 1972 condita

226 2005 313 2094 estl),
338 2011 398 2070 nisi
429 2011 527 2070 obstat
558 2011 637 2090 quod
667 2011 787 2070 Tacitus
823 2011 855 2070 de
891 2011 1034 2090 colloquio
1069 2011 1116 2070 illo
1150 2009 1244 2070 Flauii
1273 2009 1374 2068 Sabini

226 2116 256 2170 et
278 2107 388 2170 Vitellii
418 2126 479 2168 uon
513 2117 622 2170 certam
655 2113 858 2170 auctoritatem
894 2107 1004 2188 Cluuii,
1036 2127 1092 2188 qua
1125 2111 1232 2188 potuit,
1263 2109 1286 2166 si
1316 2107 1373 2186 ille,

226 2209 364 2286 quoniam
384 2209 528 2282 interfuit,
546 2216 748 2287 memorasset,
768 2209 820 2268 sed
841 2209 947 2268 lamam
967 2209 1049 2288 sequi
1072 2207 1142 2268 dicit
1157 2209 1242 2280 (lu'ct.
1255 2207 1312 2266 HI
1323 2209 1373 2266 65.

225 2309 371 2366 1171111
389 2327 422 2384 p.
444 2307 518 2366 176.
537 2307 610 2366 179.
639 2309 742 2382 Groop
758 2327 791 2386 p.
814 2309 899 2382 776).
937 2305 987 2368 scd
1013 2325 1083 2368 nuru
1105 2309 1205 2386 ipsum
1227 2307 1259 2366 in
1282 2305 1373 2366 histo-

225 2407 280 2464 riis
307 2401 475 2464 scribendis
503 2411 571 2464 ante
599 2406 700 2466 oculos
727 2407 876 2485 babuerit,
907 2405 1119 2468 dubitationem
1147 2411 1261 2464 restare
1285 2423 1374 2483 supra

227 2506 274 2581 (p.
291 2506 361 2577 1111)
381 2504 521 2565 uidimus.
558 2508 649 2565 etiam
672 2505 709 2565 de
732 2504 881 2585 Suetonio,
906 2508 988 2567 cuiue
1015 2506 1122 2565 fontem
1148 2508 1177 2565 iu
1202 2506 1263 2565 uita
1282 2504 1373 2565 Nero-

225 2605 360 2663 niseum
384 2604 476 2663 fuisse
496 2604 623 2663 Sobiller
639 2606 733 2677 (itero
746 2624 780 2681 p.
794 2606 839 2663 23
852 2606 928 2681 sqq.)
951 2612 1059 2683 cermel,
1079 2604 1220 2663 iudicium
1242 2600 1373 2663 cohibea.

511 2906 779 2983 VIPSTANVS
806 2904 1090 2993 1111111111

314 3086 411 3147 Etiam
440 3086 529 3149 buius
555 3092 699 3149 memoria
727 3096 848 3167 angusta
879 3098 935 3167 cst,
965 3110 1030 3149 cum
1054 3092 1144 3149 11111111
1167 3090 1262 3149 Taciti
1288 3089 1373 3149 libris

227 3188 420 3245 contineatur.
463 3188 512 3245 hic
545 3195 643 3247 autern
674 3188 800 3249 iuuenili
835 3188 948 3269 ardore,
979 3208 1037 3267 quo
1072 3188 1244 3249 adulescens
1277 3192 1374 3249 minor

203 3317 206 3321 ·
227 3286 369 3345 maiorem
394 3288 547 3365 suspicere
571 3284 655 3365 solet,
676 3290 818 3347 incensus
844 3308 910 3347 eum
934 3296 964 3347 et
985 3290 1018 3347 in
1042 3286 1155 3365 dialogo
1180 3296 1209 3347 et
1231 3290 1261 3347 in
1283 3288 1373 3347 bisto-

120 3449 125 3454 (
227 3385 281 3443 riis
312 3390 489 3463 persecutus
524 3393 575 3445 est.
621 3404 689 3445 nam
723 3382 865 3447 ‘nondum
900 3388 1066 3465 quaestoria
1099 3380 1209 3447 aetate’
1235 3387 1373 3447 tribunus

228 3483 383 3559 septimam
400 3480 590 3543 Claudianum
603 3482 751 3563 legionem
768 3488 914 3545 exercitus
929 3486 1047 3545 Antonii
1063 3486 1154 3545 Primi
1169 3494 1270 3545 contra
1285 3486 1373 3545 Vitel-

226 3580 321 3639 lianos
348 3578 647 3653 contemptura.
667 3584 687 3641 t
691 3584 719 3641 V
732 3584 800 3662 42),
824 3584 902 3643 unde
925 3584 1012 3663 paulo
1035 3590 1101 3663 post
1120 3604 1145 3643 a.
1159 3578 1285 3665 taliub
1307 3604 1373 3645 eum

227 3686 329 3737 natum
357 3698 423 3739 esse
442 3678 599 3741 discimus.
635 3680 772 3759 pluribus
799 3684 863 3743 eius
890 3682 1016 3743 indolem
1042 3682 1173 3761 depinxit
1198 3686 1226 3743 in
1253 3682 1373 3761 dialogo,

228 3796 296 3837 cum
320 3796 388 3837 eunt
413 3796 517 3844 causas
540 3788 735 3857 exponentem
759 3780 838 3859 lecit,
862 3800 914 3841 cur
938 3800 988 3841 sua
1015 3788 1093 3841 actas
1116 3788 1230 3841 tantum
1256 3782 1289 3843 ab
1316 3782 1373 3843 elo-

229 3878 350 3953 quentia
372 3878 561 3955 antiquorum
588 3878 764 3939 deflexisset.
799 3885 880 3939 totus
905 3882 982 3939 enim
1008 3886 1051 3939 est
1076 3882 1104 3939 in
1127 3880 1172 3941 his
1194 3880 1373 3941 admirandis

229 3981 257 4033 et
282 3974 448 4053 laudandis,
473 3994 599 4055 (puerum
622 3976 788 4055 exemplum
814 3984 933 4037 secutus
964 3986 991 4039 et
1021 3978 1205 4057 adulescem,
1234 3980 1373 4057 quemad-

266 4244 272 4253 .
318 4167 344 4233 1)
362 4166 1076 4262 [11111111111111111111111111111111111111111111111
1095 4186 1120 4235 p.
1139 4172 1188 4223 320
1210 4170 1235 4221 11
1256 4166 1373 4239 Nipper-

228 4244 291 4298 delo
308 4244 750 4385 ΙἓξιῖἶὶὀἹὃ111311ξ1ι1ἳ7111.1111111.16
769 4340 795 4391 p.
813 4328 870 4375 519.
889 4328 947 4375 516.
972 4322 1064 4373 Fabia
1083 4340 1108 4391 p.
1125 4328 1174 4373 231
1187 4340 1246 4389 sqq.
1280 4320 1373 4391 Grcag

228 4416 254 4467 p.
272 4402 321 4451 785
332 4412 391 4464 sqq.
