3234 4950
637 375 777 428 Martius
795 375 966 428 MAXIMVS
1248 379 1378 426 CLXXXI

228 545 346 620 ingenia
377 543 496 600 illarum
529 544 663 618 gentium
694 543 920 602 considerantes
953 545 1055 602 mirari
1091 543 1270 604 desinemus,
1307 545 1378 624 quid

228 639 307 720 quod
329 643 420 702 etiam
441 639 554 700 Marius
570 639 718 700 Maximus
739 641 845 700 liorem
869 641 1025 718 quendam,
1046 641 1142 720 qualia
1163 651 1225 702 turn
1244 649 1378 722 tempora

228 747 323 816 erant,
349 741 599 818 repraesentauit,
625 746 707 798 certe
732 741 873 816 quicum
901 747 1019 800 secutus
1045 747 1102 816 est,
1127 741 1230 800 Iunius
1255 741 1377 816 Cordus

228 846 256 898 et
284 835 394 898 iudicio
424 844 452 896 et
481 837 539 896 fide
565 837 691 897 multum
722 837 755 896 ab
786 855 818 896 eo
847 837 983 916 delapsus
1006 845 1063 914 est,
1091 841 1310 918 scriptoresque
1336 841 1377 898 hi·

227 937 335 996 storiae
360 935 507 1014 Augustae
531 935 707 996 Diocletiani
732 945 760 996 et
789 935 975 996 Constantini
1001 935 1105 996 fauore
1130 939 1178 996 usi
1210 939 1317 1016 partim
1347 939 1378 996 in

227 1037 365 1112 epitomis
392 1033 604 1094 contrahendis
630 1036 850 1112 acquieuerunt
874 1035 984 1110 partim
1016 1037 1121 1094 inscita
1154 1037 1316 1096 imitatione
1348 1037 1376 1094 in

227 1131 439 1194 absurditatem
464 1140 494 1192 et
516 1133 651 1192 traudem
675 1131 898 1192 aberrauerunt.

313 1232 338 1290 Α
363 1229 497 1290 Suetonii
519 1233 614 1308 igitur
634 1233 706 1290 uitis
732 1239 760 1290 et
784 1229 928 1308 exemplis
952 1251 1075 1290 exorsus
1096 1231 1205 1292 blarius
1225 1231 1376 1308 Maximus,

224 1336 257 1388 ut
285 1329 349 1408 ille,
378 1327 533 1388 duodecim
562 1329 776 1406 imperatorum
803 1329 881 1386 uitas
913 1329 1044 1408 scripsit,
1069 1329 1184 1390 Neruae
1214 1339 1240 1390 et
1266 1349 1376 1408 eorum,

225 1430 276 1504 qui
300 1445 394 1506 usque
420 1425 454 1486 ad
479 1425 700 1504 Heliogabalum
726 1433 942 1486 successerunt.
984 1429 1089 1488 citatae
1118 1435 1186 1488 sunt
1217 1423 1377 1512 ruitur),

224 1534 287 1584 turn
319 1525 462 1584 Hadriani
492 1527 549 1602 (fr.
567 1524 590 1584 8
610 1527 704 1601 adu),
738 1523 830 1584 Marci
859 1527 995 1598 (11.12.
1016 1527 1058 1584 13
1084 1529 1178 1602 adn.),
1213 1527 1376 1586 Pertinacis

225 1623 307 1702 (18),
334 1623 608 1700 Septimii‘Seueri
630 1625 696 1696 (19.
717 1624 785 1700 20),
812 1623 995 1704 Heliogabali
1021 1625 1102 1704 (26),
1131 1625 1238 1686 deinde
1273 1645 1376 1686 secun-

225 1721 296 1782 dum
319 1725 383 1782 eius
409 1725 614 1782 auctoritatem
636 1721 748 1782 relatae
771 1739 829 1800 res,
856 1739 929 1800 quae
952 1725 1106 1800 pertinent
1128 1723 1165 1782 ad
1187 1725 1312 1802 imperia
1332 1725 1377 1782 Pii

224 1821 283 1898 (9),
309 1819 461 1880 Commodi
483 1821 842 1897 (recusationum
864 1823 950 1880 etiarn
973 1819 1006 1878 ad
1027 1821 1142 1880 Neruae
1161 1821 1218 1894 (1).
1248 1821 1376 1900 denique

223 1937 272 1978 res
291 1937 352 1978 non
372 1917 459 1978 dubia
480 1927 533 1996 est,
549 1921 621 1996 quin
639 1927 671 1978 et
685 1917 859 1978 Suetonium
880 1921 1102 1980 continuauerit
1120 1929 1150 1980 et
1172 1929 1238 1980 ante
1252 1919 1376 1980 Alexan·

224 2017 313 2076 drum
330 2017 477 2077 Seuerum
501 2015 679 2094 substiterit,
700 2025 736 2076 ut
756 2015 807 2076 ille
832 2023 899 2076 ante
921 2015 1051 2076 Neruam
1069 2017 1298 2098 Traianumque,
1316 2019 1335 2078 i.
1353 2037 1376 2076 e.

223 2123 291 2176 ante
323 2117 442 2176 initium
476 2115 618 2174 felicioris
651 2115 773 2192 saeculi,
804 2133 862 2192 quo
889 2123 1015 2194 uterque
1047 2113 1081 2176 ad
1107 2115 1298 2176 scribendum
1321 2117 1376 2176 im-

222 2214 326 2293 pulsus
351 2223 423 2274 erat.
451 2216 565 2274 uixisse
588 2215 683 2292 igitur
702 2213 824 2273 uidetur
850 2213 903 2272 suh
923 2213 1097 2292 Alexandro,
1121 2215 1152 2274 id
1177 2213 1253 2292 quod
1279 2217 1312 2274 lr.
1336 2211 1376 2274 ld

223 2313 430 2390 confirmatur,
457 2331 515 2390 quo
546 2311 766 2370 adulescentem
795 2313 845 2370 uel
874 2313 1012 2372 iuuenem
1041 2315 1197 2392 imperium
1225 2313 1376 2372 Commodi

223 2429 256 2471 se
277 2409 391 2473 uidisse
415 2418 551 2470 testatur.
1388 2455 1389 2458 ,

312 2510 375 2569 lloc
407 2517 506 2569 autem
540 2512 605 2569 eius
636 2510 796 2569 consilium
829 2516 905 2589 erat,
938 2518 972 2569 ut
1006 2518 1182 2587 perpetuam
1221 2512 1375 2569 historiam

220 2608 395 2685 Romanam,
426 2610 475 2667 cui
503 2607 727 2685 complectendo
750 2608 903 2685 ingenium
928 2608 1025 2687 impar
1049 2614 1139 2685 esset,
1165 2610 1195 2667 in
1220 2610 1298 2669 uitas
1320 2610 1374 2669 im·

221 2716 393 2785 pecatorum
420 2706 598 2767 dissolueret
621 2712 649 2764 et
674 2706 805 2783 singulas
823 2724 878 2785 per
897 2726 929 2767 se
949 2706 1169 2785 cognoscendas
1189 2716 1218 2767 et
1237 2708 1376 2785 legendas

222 2806 333 2882 ederet,
367 2822 462 2883 neque
495 2804 617 2864 uidetur
646 2806 761 2863 ueritus
796 2822 875 2881 esse,
908 2824 944 2863 ne
980 2806 1104 2863 eandem
1135 2824 1199 2865 rem
1234 2808 1263 2863 in
1298 2806 1375 2865 binis

221 2904 359 2983 referret,
390 2905 418 2962 si
450 2902 606 2963 decedenti
635 2910 666 2963 et
696 2902 870 2961 succedenti
902 2906 1073 2979 imperatori
1105 2904 1268 2963 coraamunis
1297 2910 1376 2963 esset

222 3004 322 3075 (Picio
336 3022 374 3079 ,0.
392 3003 537 3077 1310)).
574 3008 716 3079 tyrannos
749 3007 847 3061 autem
880 3004 995 3079 proprii
1021 3000 1091 3061 libri
1118 3002 1232 3061 honore
1261 3000 1376 3079 dignari

219 3094 359 3183 noluit2),
382 3102 435 3177 qui
453 3100 497 3157 eis
513 3106 619 3177 postea
636 3118 652 3157 a
672 3100 756 3159 lunio
775 3098 872 3157 Cordo
890 3098 1021 3157 tributus
1043 3108 1096 3175 est,
1119 3102 1149 3157 ln
1171 3118 1229 3177 quo
1250 3118 1374 3159 numero

221 3218 290 3259 cum
315 3196 446 3277 Opellius
472 3190 617 3281 (Opilius)
636 3196 786 3257 Macrinus
807 3196 927 3257 habitus
945 3214 1006 3257 non
1027 3206 1114 3275 esset,
1138 3198 1267 3259 eundem
1288 3216 1375 3277 quem

221 3298 295 3357 alios
313 3298 509 3375 imperatores
528 3316 597 3355 eum
617 3298 767 3373 accepisse
788 3296 932 3373 sequitur.
940 3288 965 3379 3)
991 3294 1134 3355 librorum
1153 3296 1274 3355 uinculo
1296 3316 1374 3355 corn·

312 3497 336 3563 1)
356 3494 499 3563 Lamprid.
512 3494 592 3547 Alex,
609 3494 671 3547 Seu.
686 3500 731 3561 48,
747 3502 761 3547 6
780 3496 843 3549 Seio
859 3496 974 3565 sculpunt
988 3496 1059 3549 bunc
1072 3514 1127 3549 reni
1142 3514 1226 3563 uirum
1240 3498 1375 3563 contrairi,

223 3578 343 3631 Troiani
356 3580 464 3645 putore,
489 3576 536 3629 sed
558 3592 642 3643 oeque
666 3580 697 3629 iu
719 3578 781 3629 uita
805 3576 864 3627 etus
881 3574 913 3625 id
932 3574 1047 3629 Murius
1065 3578 1211 3631 dicaturus
1235 3580 1373 3645 1100000-

219 3658 277 3709 suit
294 3674 380 3723 uequc
397 3664 425 3709 et
441 3673 464 3724 q.
480 3674 501 3709 s.

311 3738 335 3803 2)
355 3736 608 3805 Vopisc.Firm.1,
625 3742 637 3787 1
664 3738 841 3791 Minusculos
865 3744 998 3809 turuuuos
1019 3740 1075 3793 scio
1096 3740 1240 3805 plerosque
1258 3740 1374 3793 lucrasse

220 3824 271 3871 uut
293 3818 410 3871 breuiter
430 3818 599 3885 praeterisse.
627 3834 694 3871 uoiu
716 3825 743 3871 et
763 3816 912 3871 Suetonius
934 3820 1121 3887 Tranquillus,
1138 3820 1374 3873 eirieudutissinaus

219 3904 246 3951 ct
267 3898 483 3953 cuudidissiuius
507 3898 636 3965 scriptor,
659 3899 814 3951 Autouiuui
837 3898 1030 3967 Vindicemque
1054 3900 1153 3963 iusouu,
1182 3904 1321 3953 centenius
1345 3916 1373 3953 eo

219 3982 293 4047 quod
320 3994 365 4033 eos
390 3978 494 4031 eursiui
515 3980 729 4045 perstriuueiu,
757 3986 782 4033 ct
808 3982 923 4033 Murius
946 3982 1093 4033 Matrinius
1117 3980 1252 4033 Auidium
1280 3982 1376 4033 Murci

218 4060 392 4127 temporibus,
421 4060 557 4113 Albiuuui
582 4066 611 4113 et
635 4060 758 4129 Nipruui
785 4060 882 4113 Seueri
908 4076 964 4113 uon
993 4062 1052 4113 suis
1074 4060 1198 4127 propriis
1227 4060 1305 4127 libris
1326 4060 1373 4113 sed

219 4140 320 4194 aiieuis
336 4140 473 4193 iuueicuit.
504 4137 544 4193 cf.
560 4138 591 4191 fr.
610 4144 650 4191 19.

310 4222 335 4286 3)
353 4218 432 4273 Infra
453 4236 480 4287 p.
503 4238 609 4273 ccxxxv
631 4219 754 4273 Marium
771 4220 928 4273 Maximum
955 4220 1088 4273 habuisse
1117 4236 1295 4289 exponemus,
1324 4236 1373 4273 cur

219 4298 331 4369 Opellio
355 4300 477 4369 gratiam
501 4300 626 4365 referret,
648 4316 742 4369 neque
759 4300 928 4355 aduersatur
950 4300 1010 4353 eius
1029 4300 1091 4353 uitu
1112 4318 1127 4351 a
1147 4300 1307 4369 Capitolino
1327 4300 1373 4353 ‘ex

219 4380 340 4435 diuersis
359 4378 487 4433 historiis
506 4381 597 4433 erutu’
615 4385 647 4449 (1,
665 4384 691 4450 1)
708 4378 756 4435 uel
777 4380 824 4433 ‘de
842 4380 973 4449 plurimis
994 4380 1124 4435 collecta?
1144 4384 1196 4451 (15,
1212 4384 1248 4451 4),
1266 4380 1298 4435 in
1316 4398 1373 4449 qua
