3234 4950
627 406 652 459 Ο.
674 402 817 459 returns
834 404 1022 460 SECVNDVS
1279 410 1399 455 0111111

254 574 344 637 calido
375 574 490 633 Nerone
523 574 716 653 pluribusque
748 575 881 633 minutiis
913 576 1091 653 flagitiisque
1126 576 1310 655 promendis,
1342 596 1399 654 qna

253 672 372 753 quidem
396 676 425 731 in
447 692 476 733 re
499 674 631 735 Suetonii
651 672 776 733 similior
796 683 841 733 est
861 675 1249 751 (0101006101100161,
1268 676 1310 733 11
1330 694 1397 735 corut

253 774 396 833 Suetonio
421 772 620 847 01811111
644 772 771 831 naturali
790 770 912 831 lristoria
933 766 1154 855 consentiret1l,
1180 792 1240 832 non
1263 772 1396 833 Tacitum

252 870 303 931 sed
327 868 414 929 Plinii
440 870 577 931 historias
600 878 734 931 secutum
765 888 830 931 esse
854 874 940 951 qnasi
960 890 1016 949 pro
1040 878 1122 931 certo
1144 890 1231 951 pono,
1255 872 1397 931 anthino

251 968 400 1049 profectus
429 978 546 1047 praeter
570 968 703 1029 Taciturn
733 972 823 1029 etiarn
852 970 1040 1048 Suetonium,
1071 969 1242 1029 quenalem
1272 972 1395 1049 eiusque

252 1068 451 1149 scholiastam,
484 1070 658 1147 scriptorem
694 1068 861 1145 tragoediae
889 1068 1028 1129 Octauiae
1060 1086 1092 1127 ex
1125 1070 1167 1129 eis
1195 1087 1248 1127 sua
1278 1068 1314 1129 de
1346 1068 1396 1127 illo

251 1168 428 1243 imperatore
461 1166 593 1227 hausisse
629 1164 778 1227 concludo.
827 1186 895 1227 narn
927 1166 980 1227 llio
1014 1170 1102 1227 etiam
1135 1166 1286 1227 acerbiore
1329 1168 1395 1227 odio

257 1282 342 1345 qnam
374 1266 404 1323 in
432 1266 511 1325 hune
539 1266 571 1323 in
594 1264 736 1325 Senecam
761 1264 966 1345 philosophum
992 1264 1088 1344 ardet,
1118 1284 1204 1345 quem
1234 1267 1291 1327 etsi
1314 1268 1397 1327 initio

250 1362 504 1443 φρονιμώτατον
534 1358 589 1425 καὶ
627 1360 859 1425 δυνατώτατον
897 1363 1059 1443 appellauit
1089 1366 1156 1439 (61,
1190 1366 1218 1443 3,
1252 1367 1297 1443 3),
1335 1374 1396 1425 stu-

249 1482 336 1543 prum
360 1482 427 1523 cnm
452 1462 523 1521 lulia
546 1462 765 1541 Agrippiuaque
788 1464 895 1521 fecisse
920 1464 986 1539 (61,
1007 1464 1112 1537 int)
1137 1460 1307 1542 Neronique
1329 1482 1396 1543 per·

251 1564 379 1623 suasisse
409 1564 535 1641 scripsit,
568 1568 599 1623 nt
630 1567 753 1621 matrem
781 1560 931 1621 occideret
957 1564 1023 1639 (61,
1049 1562 1099 1640 12,
1125 1562 1168 1640 l),
1198 1569 1260 1621 turn
1295 1572 1395 1623 contra

249 1662 331 1719 illurn
356 1662 526 1719 coniurasse
552 1662 618 1737 (62,
643 1662 712 1737 24),
743 1660 883 1719 Paulinae
909 1662 1010 1739 uxori,
1043 1680 1111 1721 cum
1140 1662 1204 1737 ipse
1232 1664 1395 1723 moriturus

250 1764 335 1837 esset,
354 1760 466 1819 inuitae
490 1766 614 1819 mortem
639 1776 760 1839 parasse
784 1760 850 1837 (62,
876 1760 942 1838 25),
970 1758 1049 1839 quod
1072 1758 1172 1819 odium
1196 1762 1253 1819 etsi
1275 1760 1394 1821 Tacitus

249 1876 306 1917 non
340 1860 495 1935 ignorauit,
529 1878 595 1917 oum
626 1860 653 1917 P.
681 1854 818 1917 Suillium
840 1858 950 1917 similia
973 1860 1001 1917 ei
1028 1858 1257 1935 exprobrantem
1285 1860 1396 1919 laceret

251 1960 334 2031 (narr.
369 1958 423 2031 13,
458 1956 567 2031 112111.)
574 2004 581 2037 ,
619 1958 649 2017 in
689 1956 816 2015 naturali
851 1962 951 2017 tamen
988 1956 1111 2015 historia
1155 1976 1193 2017 ue
1234 1960 1395 2037 uestigium

249 2052 367 2133 quidem
402 2056 464 2115 eius
504 2058 663 2133 reperitur,
703 2056 790 2115 irnmn
831 2074 888 2133 trun
925 2075 984 2115 uno
1021 2054 1085 2115 loco
1125 2055 1254 2115 Senecae
1286 2056 1394 2115 indolis

249 2156 358 2213 mentio
388 2154 432 2231 lit,
463 2154 499 2213 de
526 2154 576 2215 illo
601 2152 748 2233 ‘principe
777 2160 839 2213 tum
867 2154 1041 2213 eruditionis
1071 2172 1104 2213 ac
1132 2156 1289 2233 potentiae,
1320 2174 1394 2235 qrrae

247 2260 397 2331 postremo
425 2256 517 2313 nimia
544 2256 604 2313 ruit
636 2270 723 2329 super
753 2254 863 2330 ipsum,
891 2254 1014 2313 minime
1041 2254 1144 2331 utique
1167 2256 1310 2313 miratore
1331 2256 1394 2313 ina·

248 2346 341 2409 ninm'
367 2352 438 2429 (14,
466 2352 532 2431 51),
569 2370 635 2411 enm
667 2348 834 2409 laudatione
868 2350 1022 2410 indicatur.
1072 2352 1152 2429 atqui
1185 2352 1309 2411 Dionem
1338 2352 1394 2411 hac

249 2450 376 2510 Senecae
405 2448 517 2512 inuidia
544 2452 744 2512 narrationem
771 2448 937 2510 Plinianam
968 2451 1068 2530 ipsum
1095 2450 1236 2511 iniecisse
1260 2470 1320 2512 non
1350 2460 1394 2512 est

248 2567 300 2610 our
337 2557 488 2628 putemne,
526 2569 613 2628 quam
647 2549 683 2610 ob
717 2567 779 2608 rem
814 2549 886 2608 illud
918 2549 1037 2628 quidem
1076 2549 1265 2610 concedimus
1302 2550 1393 2612 multa

246 2647 355 2708 Ilionea
379 2647 507 2708 Plinium
531 2647 678 2726 redolere,
709 2647 791 2708 uelut
816 2647 905 2727 quod,
936 2655 968 2708 nt
991 2647 1142 2726 Poppaeae
1171 2647 1319 2710 luxuriam
1344 2649 1392 2710 de·

245 2749 358 2826 pingat,
381 2747 481 2806 eadem
505 2747 559 2806 dno
581 2747 711 2826 exempla
736 2739 905 2830 111101’1(62,
931 2741 998 2830 28),
1017 2767 1091 2826 quae
1107 2747 1253 2808 naturalis
1270 2749 1394 2809 historia

248 2839 313 2930 (33,
331 2841 402 2908 140.
421 2841 470 2926 11,
486 2841 576 2932 238),
595 2841 643 2908 ’ἐκ
662 2845 724 2928 γὰρ
745 2855 813 2908 τῶν
831 2843 1046 2926 βραχυτάτων
1065 2851 1131 2906 πᾶν
1150 2843 1391 2926 δηλωθήσεταί

247 2943 356 3004 addens
387 2937 528 3028 (Plinium
561 2949 656 3026 ipsum
690 2945 790 3004 audire
824 2945 908 3004 nobis
939 2939 1104 3028 uidemur),
1134 2965 1168 3004 ex
1199 2947 1264 3024 ipso
1294 2954 1391 3006 tamen

245 3043 339 3104 Plinio
358 3043 481 3104 Dionem
501 3047 643 3106 maiorem
660 3051 775 3122 partem
795 3047 938 3104 materiae
959 3063 1020 3104 non
1044 3045 1214 3122 sumpsisse.
1250 3047 1337 3104 immo
1359 3049 1392 3124 si,

245 3151 278 3202 ut
302 3141 447 3202 Gerclrius
473 3145 577 3224 uoluit,
605 3143 658 3202 Dio
685 3145 802 3202 omnino
828 3141 863 3202 ab
887 3161 947 3202 uno
970 3151 1089 3202 auctore
1113 3143 1232 3220 pendet,
1261 3145 1311 3202 1110
1333 3163 1392 3204 non

246 3241 301 3302 luit
316 3239 428 3302 Plinius
448 3245 511 3322 ipse
532 3243 585 3302 sed
604 3241 678 3302 alins
699 3243 827 3321 scriptor
844 3249 941 3300 aetate
958 3241 1003 3300 illi
1024 3243 1158 3320 propior,
1188 3243 1239 3320 qui
1261 3261 1295 3302 eo
1320 3263 1392 3304 usus

246 3333 344 3424 erati)
393 3339 471 3410 Quae
498 3361 564 3402 eum
589 3359 636 3400 res
659 3341 700 3400 ita
723 3343 782 3400 sint
807 3349 1001 3419 comparatae,
1024 3343 1163 3418 quoniam
1184 3349 1263 3400 certa
1281 3341 1390 3402 indicia

246 3439 361 3518 desunt,
386 3439 492 3518 quibus
517 3459 590 3518 qaae
616 3439 767 3520 Cluuiana,
790 3457 865 3518 quae
889 3439 1016 3498 Fabiana
1039 3457 1106 3497 esse
1129 3439 1296 3516 uideantur,
1320 3459 1391 3502 ena·

246 3539 335 3598 eleari
361 3541 467 3616 possit,
497 3559 543 3598 me
572 3541 610 3598 ita
642 3539 788 3616 nominee,
820 3546 852 3598 ut
876 3537 1003 3598 Neronis
1029 3539 1123 3598 uitam
1150 3555 1187 3596 ex
1213 3539 1311 3598 tribus
1334 3539 1391 3598 lilis

244 3635 344 3716 Plinii,
377 3636 484 3716 Cluuii,
514 3637 595 3696 Fabii
625 3657 640 3698 a
666 3635 766 3696 Tacito
790 3643 956 3696 contextam
981 3655 1047 3696 esse
1072 3643 1211 3715 statuam,
1241 3646 1269 3698 at
1293 3640 1323 3698 in
1346 3641 1391 3698 in-

245 3743 326 3796 certo
345 3735 520 3814 relinquam,
544 3743 574 3796 et
598 3755 669 3796 num
696 3755 767 3814 quos
792 3735 865 3794 alios
888 3745 1024 3796 auctores
1044 3729 1296 3818 consultanerit3)
1321 3745 1350 3796 et
1375 3755 1390 3795 a

245 3879 469 3886 -,,..-.------....-....-.....-,-,---.Λ
472 3879 483 3884 .-

335 3955 359 4024 1)
379 3953 514 4008 Portenta
531 3955 606 4024 apud
626 3955 745 4006 Diouem
765 3973 828 4006 oum
846 3971 919 4006 anno
940 3953 1044 4024 4111118
1064 3951 1172 4022 incipin
1192 3955 1211 4006 t.

334 4037 358 4102 2)
379 4033 442 4088 Non
461 4033 490 4086 111
510 4035 638 4090 omnibus
655 4035 739 4090 rebus
755 4033 808 4088 Dio
828 4051 891 4087 eum
903 4033 998 4086 Plinio
1017 4037 1114 4086 eontra
1128 4033 1258 4086 Tacitum
1276 4051 1391 4088 consen-

242 4115 290 4182 tit,
312 4113 391 4168 uelut
408 4115 504 4168 Iunius
524 4115 635 4168 Silanus
658 4115 733 4184 apud
753 4115 872 4168 Dionem
891 4117 944 4183 (61,
958 4119 983 4182 6,
999 4117 1024 4181 4)
1044 4117 1073 4166 et
1089 4113 1220 4166 Tacitum
1239 4117 1292 4182 (13,
1309 4117 1334 4184 1)
1354 4117 1389 4168 ab

243 4195 400 4266 Agrippina
419 4195 570 4264 occiditur,
592 4195 680 4250 etiam
702 4195 800 4264 ignaro
819 4195 944 4262 Nerone,
956 4197 989 4246 at
1008 4195 1054 4246 hie
1073 4193 1161 4260 addit,
1177 4195 1253 4262 apud
1266 4195 1391 4248 Plinium

243 4291 350 4330 ueneno
370 4275 488 4330 Neronis
510 4279 543 4348 (1,
561 4279 611 4348 58).

333 4359 357 4426 3)
389 4355 574 4412 Corbulonem
600 4375 650 4426 por
678 4357 801 4410 Plinium
831 4357 861 4408 in
888 4357 980 4410 Taciti
1009 4353 1199 4424 cognitionem
1225 4355 1388 4422 peruenisse

242 4439 355 4492 fuerunt
375 4437 422 4506 qui
444 4437 653 4508 arbitrarentur,
674 4437 730 4492 uici.
748 4457 767 4490 s.
782 4455 810 4504 p.
827 4457 926 4490 cxxxvi
941 4456 980 4504 sq.
