3234 4950
286 385 397 430 LXVffl
538 365 584 418 DE
607 363 837 418 SCRIPTOBVM
856 361 948 415 Viris
967 363 1014 414 ΕΤ
1035 361 1190 416 SCRIPTIS

287 533 467 592 consolantis
484 541 512 592 et
527 533 563 592 de
577 533 662 592 Bruti
678 529 825 610 precihus²
838 537 873 590 ut
889 538 1016 590 mortem
1036 549 1120 590 suam
1138 529 1302 610 adiuuaret,
1320 533 1435 610 alioque

287 631 374 708 dieta,
394 649 460 688 eurr]
482 631 641 708 abnuisset,
658 649 714 708 quo
730 647 789 688 noir
809 627 934 706 pedihus
952 627 1005 688 sed
1024 627 1163 688 manibus
1182 629 1354 706 fugiendum
1369 649 1434 688 esse

285 727 489 808 respondisset
505 733 542 802 (e.
560 731 599 788 51
612 733 679 806 sp),
698 727 734 786 ad
754 745 822 786 eum
842 727 997 786 reserenda
1016 736 1086 786 sunt
1101 729 1143 800 (a.
1160 727 1245 802 infra
1263 732 1434 802 errarem).

375 825 455 886 Idem
486 835 692 904 argumentum
721 825 860 886 laudandi
882 823 966 884 Bruti
995 825 1053 884 sibi
1075 827 1232 902 proposuit
1253 825 1434 904 EmpyIUS‚

284 925 386 982 rhetor
410 925 623 1002 familiarisque
646 925 723 1000 eim,
754 923 788 982 de
814 943 872 1000 quo
893 925 967 982 haee
991 925 1151 982 memoriae
1175 925 1299 984 tradidit
1319 925 1434 983 Plutar-

284 1023 357 1082 chus
383 1023 484 1096 (Brut.
505 1023 554 1096 2):
573 1017 608 1084 ‘O
631 1017 659 1082 δ’
682 1015 860 1102 Ἔμπυλος,
883 1015 925 1082 οὗ
946 1019 1001 1080 καὶ
1025 1019 1125 1092 αὐτὸς
1150 1019 1186 1082 ἐν
1213 1030 1285 1096 ταῖς
1308 1017 1433 1084 ἐπιστο-

284 1123 356 1192 λαῖς
381 1115 434 1180 καλ
459 1119 494 1180 ol
515 1123 610 1200 φίλοι
634 1117 815 1198 μέμνηνται
837 1117 996 1192 πολλάκις
1018 1117 1064 1192 ὡς
1087 1121 1310 1198 συμβιοῦντος
1333 1117 1433 1204 αὐτῷ,

283 1217 391 1300 ῥήτωρ
421 1211 461 1298 ἦν
492 1215 545 1280 καὶ
574 1213 788 1278 καταλέλοιπε
816 1217 936 1298 μικρὸν
962 1213 1034 1298 μέν,
1063 1215 1104 1278 οὐ
1132 1219 1265 1296 φαῦλον
1294 1211 1330 1280 di
1355 1215 1434 1296 σύγ-

283 1339 416 1398 γραμμα
431 1315 504 1398 περὶ
518 1325 575 1398 τῆς
586 1317 755 1398 Καίσαρος
770 1311 979 1396 ἀναιρέσεως,
994 1311 1011 1376 ὃ
1024 1317 1175 1393 Βροῦτος
1189 1309 1431 1397 ἐπιγέγραπται.

282 1415 401 1475 uidetur
426 1413 505 1474 idem
529 1417 621 1474 luisse
645 1433 712 1474 eum
739 1433 770 1474 eo
793 1407 915 1498 (nomen
934 1417 1013 1474 enim
1033 1433 1134 1474 rarum
1153 1407 1234 1496 luit)7
1252 1418 1304 1492 qni
1327 1435 1432 1474 seeun-

284 1514 354 1574 dum
379 1513 553 1572 Ciceronem
574 1515 655 1572 iuxta
681 1513 880 1572 Metrodorum
910 1513 1064 1592 Scepsium
1093 1521 1123 1572 et
1149 1513 1342 1574 Hortensium
1370 1516 1432 1572 aeri

283 1609 381 1672 studio
409 1609 440 1670 id
468 1619 644 1672 eonseoutus
676 1619 750 1690 erat,
778 1619 813 1672 ut
838 1613 1011 1672 memoriter
1040 1629 1114 1690 quae
1142 1615 1369 1690 excogitauerat,
1396 1611 1433 1672 ad

281 1709 407 1768 uerbum
433 1711 461 1768 in
489 1711 601 1788 agendo
622 1711 759 1790 reler1²et3
784 1708 932 1769 Rhodium
950 1729 1018 1769 eum
1039 1711 1129 1768 fuisse
1149 1709 1218 1768 inde
1239 1713 1431 1788 cognouimus

283 1809 401 1882 (liutet.
418 1809 452 1868 X
468 1811 497 1886 o,
512 1811 557 1882 41).
580 1807 770 1868 Plutarohum
793 1816 891 1868 autem
911 1827 979 1868 eum
997 1827 1057 1866 non
1075 1807 1172 1866 solum
1190 1809 1358 1886 inspexisse
1378 1807 1431 1868 sed

283 1909 371 1966 etiam
395 1925 463 1966 eum
490 1915 623 1966 secutum
643 1925 708 1966 esse
730 1905 864 1966 Caesaris
883 1905 1004 1966 eaedem
1022 1912 1193 1966 narrantem
1213 1915 1299 1966 eante
1318 1909 1427 1978 (Ouelt

283 2009 311 2064 d.
331 2005 408 2064 Ptot.
422 2023 455 2080 p.
473 2005 552 2080 140)
572 2005 740 2084 suspiratus
759 2023 849 2080 eram,
869 2007 981 2064 certius
994 2005 1171 2062 Wiehmann
1186 2006 1204 2076 (
1204 2009 1224 2064 l.
1238 2023 1260 2064 s.
1274 2025 1308 2080 p.
1323 2008 1431 2080 esqq.)

281 2105 361 2162 uitae
385 2101 468 2162 Bruti
494 2123 516 2162 e.
540 2099 645 2162 l--il
673 2109 701 2164 et
726 2101 860 2162 Caesaris
883 2099 1014 2162 62-66
1041 2121 1074 2162 ex
1101 2121 1134 2162 eo
1158 2105 1249 2182 petita
1274 2123 1339 2164 esse
1363 2121 1431 2182 pro-

283 2203 389 2278 posuit.
398 2193 424 2284 1)
472 2201 473 2204 ’

737 2343 977 2350 —.....„——„-.—

720 2516 757 2597 Q.
787 2514 989 2586 DELLIVS

370 2692 461 2753 Motus
489 2702 532 2753 est
553 2694 665 2753 facetiis
685 2692 837 2753 Messallae
858 2692 987 2771 Comani,
1010 2712 1083 2771 quas
1104 2692 1216 2753 Seneca
1237 2696 1330 2765 (suos.
1347 2696 1374 2769 1,
1394 2696 1428 2767 7)

280 2792 440 2851 memoriae
468 2792 612 2871 prodidit:
639 2794 837 2851 Bellissimum
867 2799 965 2851 tumeo
994 2810 1058 2851 rem
1080 2792 1197 2851 Dellius
1226 2796 1317 2866 dixit,
1342 2810 1428 2867 quem

280 2890 415 2949 Messala
443 2890 590 2951 Coruinus
620 2894 800 2951 desultorem
826 2892 972 2949 bellorum
1000 2894 1136 2949 ciuilium
1165 2899 1269 2965 ιιοοιιι,
1294 2896 1367 2965 quio
1390 2894 1428 2951 ab

279 2990 438 3047 Dolabella
454 2992 497 3047 od
514 2990 648 3049 Curetum
664 2992 855 3047 transituros
871 2992 998 3047 salutem
1015 2990 1074 3047 stoi·
1085 2997 1201 3063 poetro
1221 2997 1272 3063 est7
1291 2994 1318 3048 si
1337 2990 1397 3049 nor
1418 3021 1428 3031 ·

280 3090 386 3147 trellum
401 3092 578 3159 occidissem
598 3106 618 3147 α
636 3088 739 3147 Cassio
758 3090 868 3147 deinde
881 3092 1004 3147 transiit
1022 3090 1066 3145 od
1077 3087 1251 3161 Ανιοιιινιν,
1266 3092 1430 3148 nouissime

280 3188 318 3245 ad
333 3186 464 3259 Αιιτοιιιο
482 3186 648 3263 transferent
664 3188 705 3245 nd
718 3188 886 3257 Caesarem.
907 3186 967 3245 Hie
982 3194 1026 3245 est
1041 3186 1165 3259 aeratos,
1180 3190 1267 3245 ιιιινι
1282 3188 1429 3261 epistolae

170 3272 171 3275 ¹
280 3286 323 3343 art
343 3284 535 3359 Cleopatram
556 3288 691 3345 lasciuae
706 3284 863 3359 serentur.
886 3282 965 3359 quod
985 3284 1099 3341 crimen
1117 3284 1189 3341 artis
1210 3282 1387 3343 desultoriae
1412 3304 1427 3343 a

278 3380 387 3441 Velleio
409 3382 462 3455 (Il
478 3382 527 3455 84,
544 3384 578 3455 2)
605 3384 805 3443 confirmatur.
838 3380 876 3441 ad
894 3380 1089 3441 Octauianum
1110 3388 1206 3441 autem
1231 3384 1350 3441 transiit
1372 3382 1427 3441 suh

277 3482 374 3557 ipsam
398 3498 526 3559 pugnam
552 3480 698 3539 detineam
722 3482 841 3539 Antonii
865 3480 987 3539 consilia
1012 3480 1142 3557 prodens
1163 3482 1237 3553 (aa
1255 3482 1307 3554 50,
1322 3482 1374 3556 13,
1388 3482 1428 3550 8;

277 3578 329 3653 23,
341 3578 433 3657 r;3)‚
445 3596 570 3657 eumque
585 3578 620 3637 ah
637 3596 671 3637 eo
686 3580 763 3637 inter
778 3580 888 3637 amieos
903 3586 1057 3655 receptum
1071 3596 1137 3637 esse
1148 3578 1259 3637 Seneea
1276 3582 1328 3653 (rte
1343 3582 1426 3639 elem.

278 3678 301 3735 I
316 3678 367 3753 10,
382 3676 416 3749 1)
433 3680 516 3737 testis
538 3684 590 3737 est.
620 3694 716 3755 neque
732 3684 830 3735 tamen
844 3678 876 3735 in
889 3676 949 3735 ulla
964 3694 997 3735 re
1011 3678 1091 3735 inter
1106 3694 1156 3735 eos
1171 3679 1350 3755 nominatur,
1367 3678 1427 3737 nisi

278 3774 314 3833 ah
337 3774 467 3853 Horatio,
493 3776 543 3853 qui
567 3794 626 3833 non
645 3776 712 3845 ¹sine
739 3794 826 3833 eausa
850 3792 919 3833 eum
940 3774 1053 3833 honore
1076 3776 1218 3833 carminis
1237 3776 1293 3848 (H
1305 3776 1340 3847 3)
1360 3783 1428 3853 post

369 3976 392 4043 1)
413 3974 522 4025 Tertius
550 3974 693 4027 addendus
718 3976 792 4025 esset
816 3972 933 4025 Strato
950 3974 1068 4041 Epirota
1087 3974 1169 4042 (App.
1183 3974 1211 4025 b.
1229 3992 1250 4027 e.
1264 3974 1305 4025 IV
1319 3976 1389 4043 131),
1411 3974 1425 4027 ὁ

277 4054 333 4107 ἀπὸ
354 4052 442 4121 λόγων
461 4050 616 4123 ῥητορικῶν
635 4054 755 4121 γεγονὼς
773 4054 849 4120 αὐτῷ
871 4054 996 4121 συνήθης
1014 4053 1259 4123 (Priuernum),
1279 4057 1311 4105 ut
1333 4054 1426 4107 uoluit

276 4136 310 4187 A.
325 4132 465 4187 Hillseher
487 4134 671 4203 (Fleckeiseni
693 4132 788 4201 Snppl.
805 4134 894 4187 XVffl
912 4154 939 4203 p.
952 4137 1073 4203 sasso),
1093 4134 1147 4187 nisi
1163 4150 1236 4199 quae
1250 4136 1287 4187 de
1305 4150 1338 4187 eo
1357 4136 1425 4187 Bru-

276 4216 337 4267 tum
362 4214 391 4265 in
415 4220 503 4269 morte
528 4214 683 4267 adiuuante
706 4232 768 4267 oum
789 4214 960 4281 loquacitate
979 4214 1117 4283 proferret
1134 4214 1302 4267 Plutarchus
1320 4214 1339 4269 l.
1356 4232 1375 4267 s.
1391 4232 1426 4267 ex

277 4294 410 4349 Messalla
427 4298 538 4365 sumpta
554 4310 613 4349 esse
628 4292 802 4361 uiderentur3
817 4294 882 4347 huie
896 4298 993 4349 autem
1005 4294 1154 4349 familiaris
1169 4294 1224 4347 fuit
1239 4296 1320 4363 (Plut.
1333 4314 1356 4349 o.
1367 4301 1425 4365 53);

278 4390 404 4429 sermone
424 4374 512 4443 igitur
532 4394 593 4429 oum
615 4392 644 4429 eo
665 4374 736 4429 talia
755 4374 878 4443 colloqui
895 4376 996 4443 potuit.
