3234 4950
338 371 435 417 XXXX
584 350 631 403 DE
653 350 884 405 SCRIPTORVM
904 348 1060 403 urrisun
1083 346 1237 403 sculptus

338 520 386 577 hic
420 518 572 595 colligere,
606 536 680 595 quae
716 518 749 578 de
777 520 845 577 nita
876 538 928 579 sua
954 516 1114 577 Varronem
1148 515 1303 577 tradidisse
1338 518 1486 595 cognitum

338 616 526 695 haberemus
550 616 604 675 sed
625 617 682 677 etsi
705 616 850 697 quaedam
871 618 904 677 in
927 616 1010 675 lihris
1036 616 1094 677 illis
1116 616 1214 675 locum
1238 634 1325 675 suum
1348 614 1486 675 hahuisse

338 712 544 792 concedimus,
571 714 722 775 noluimus
748 715 824 775 hano
850 732 969 793 operam
992 712 1150 775 admodum
1172 712 1368 793 periculosam
1395 714 1486 773 susci-

337 832 419 891 1111,
441 814 580 890 quoniam
605 812 733 873 libenter
755 832 822 875 eum
848 814 1000 873 occasione
1026 814 1105 873 uitae
1124 832 1193 875 suae
1215 812 1486 873 commemorandae

338 912 370 969 in
395 910 460 971 aliis
485 908 568 969 libris
592 928 680 972 usum
704 931 769 971 esse
794 918 916 971 constat.
939 912 1039 987 itaque
1062 930 1097 973 ea
1119 910 1283 989 supersedi.

794 1142 1033 1149 —-—.-.---·—..——·-—·

690 1320 957 1395 CORNELIVS
986 1322 1139 1395 NEPOS

427 1499 469 1561 De
494 1498 623 1561 Cornelii
644 1500 767 1579 Nepotis
791 1502 853 1561 nlla
876 1502 939 1561 siue
960 1500 994 1561 ah
1014 1504 1078 1581 ipso
1101 1504 1163 1561 siue
1183 1502 1219 1563 ah
1239 1502 1396 1561 aliishaec
1420 1508 1489 1561 sunt

338 1600 499 1661 memoriae
521 1600 646 1678 prodita.
683 1598 755 1659 Padi
780 1618 848 1661 euru
872 1600 999 1661 acuculam
1025 1600 1116 1661 luisse
1141 1600 1486 1675 (Pituntium)

338 1699 579 1779 municipemqne
604 1696 634 1757 T.
656 1698 732 1759 Catii
753 1696 886 1759 [nsuhris
914 1700 1004 1771 (Plio.
1025 1718 1069 1775 ep.
1091 1700 1141 1759 IV
1157 1698 1252 1775 28,1.
1282 1700 1342 1759 Cic,
1358 1702 1401 1759 od
1415 1698 1489 1775 sum.

338 1798 404 1857 XV
420 1798 471 1872 16,
487 1798 515 1871 1,
536 1816 571 1855 eu
591 1796 697 1876 quihus
717 1798 895 1855 testimoniis
916 1798 1080 1857 coniunctis
1097 1796 1198 1857 Ticino
1220 1816 1287 1857 eum
1306 1804 1404 1857 ortum
1424 1816 1488 1857 esse

338 1896 502 1955 Mommsen
525 1894 650 1975 collegit,
674 1894 776 1955 Herm.
794 1894 814 1953 3
826 1914 862 1971 p.
882 1896 946 1969 62),
969 1896 1031 1955 eius
1056 1900 1149 1955 aetate
1170 1894 1322 1957 Eudoxum
1344 1894 1488 1975 quendam

338 1992 539 2053 Ptolemaeum
557 1990 696 2071 hatyrunr
714 1984 754 2075 (a.
769 1988 828 2073 81)
832 1990 896 2053 613
921 1988 1084 2077 mortuum)
1106 1994 1216 2073 lirgisse
1240 1996 1390 2071 (Ecenrpl.
1403 1994 1449 2071 sn
1461 1996 1488 2053 6.

340 2096 419 2154 Ptin.
434 2110 462 2152 n.
478 2094 506 2153 h.
522 2092 562 2151 Π
575 2092 666 2167 169),
689 2085 862 2173 1651689
891 2092 1040 2153 audiuisse
1068 2092 1241 2153 Ciceronem
1269 2110 1324 2173 pro
1354 2092 1489 2153 Cornelio

340 2188 544 2251 defensionem
566 2195 754 2267 perorantem
774 2192 834 2263 (De
855 2194 921 2251 1111
943 2192 1003 2251 Cic.
1015 2192 1057 2267 fr.
1073 2192 1118 2267 2),
1143 2210 1177 2251 eo
1200 2194 1308 2251 iuuene
1328 2190 1489 2251 uiolaceam

338 2306 502 2367 purpuram
528 2290 676 2367 uiguisse,
701 2306 762 2348 non
791 2288 882 2347 multo
907 2296 973 2367 post
996 2290 1177 2349 successisse
1198 2290 1396 2369 Tarentinam,
1421 2290 1489 2347 huic
1553 2338 1558 2353 .

341 2386 497 2466 dibaphum
519 2386 650 2467 Tyriam,
678 2404 736 2463 qua
756 2386 788 2447 P.
807 2384 949 2447 lieittulns
975 2386 1115 2465 Spinther
1143 2386 1245 2447 aedilis
1275 2386 1385 2449 curulis
1412 2382 1443 2467 (i
1467 2406 1489 2447 e.

339 2479 526 2570 1631691)
551 2487 667 2564 primus
693 2487 726 2544 in
752 2491 905 2564 praetexta
928 2505 1000 2546 usus
1026 2495 1105 2546 esset
1127 2489 1198 2560 (Eu.
1212 2487 1253 2564 fr.
1271 2485 1337 2566 18),
1363 2485 1489 2564 denique

340 2585 516 2664 scriptorem
543 2585 719 2645 historicum
748 2583 861 2644 clarum
886 2583 1019 2646 habitum
1050 2603 1114 2646 essa
1138 2605 1162 2646 a.
1182 2579 1310 2666 lupuit
1335 2587 1353 2660 (
1378 2591 1432 2646 ier.
1449 2587 1492 2646 ud

341 2686 461 2746 111161.
483 2681 571 2743 1977
586 2683 822 2762 1139511),
852 2681 947 2744 obisse
980 2683 1041 2744 diui
1067 2681 1192 2762 Augusti
1220 2685 1387 2762 principatu
1418 2685 1489 2756 (En.

337 2783 381 2858 fr.
400 2781 451 2840 18.
472 2781 539 2856 19),
559 2790 638 2840 certe
657 2789 727 2860 post
744 2780 873 2840 Atticum
892 2783 969 2854 (uid.
986 2783 1069 2858 infra
1083 2799 1117 2858 p.
1132 2783 1310 2856 1111111111).
1339 2781 1373 2840 Vt
1392 2799 1489 2840 mores

338 2880 534 2959 institutaque
563 2897 788 2959 cognoscamus,
815 2879 1002 2940 exordiemur
1026 2899 1042 2940 a
1065 2879 1288 2960 consuetudine,
1311 2899 1398 2958 quam
1424 2899 1489 2940 oum

340 2979 373 3038 T.
395 2977 559 3056 Pomponio
580 2975 691 3038 habuit.
723 2984 802 3038 totus
825 2979 905 3038 einim
930 2983 992 3038 erat
1014 2979 1047 3038 in
1071 2995 1105 3038 eo
1128 2977 1309 3056 admirand0,
1335 2977 1491 3056 diligendo,

340 3075 496 3156 laudando,
519 3093 586 3136 cum
611 3077 703 3136 uitam
727 3077 791 3136 eins
816 3075 971 3154 scrihebat,
995 3083 1027 3134 ut
1051 3077 1148 3136 minor
1173 3077 1202 3134 in
1227 3077 1337 3136 maiore
1363 3069 1491 3158 (Atticus

341 3168 536 3254 11091645
561 3182 647 3236 natus
674 3169 759 3259 erat),
782 3173 922 3252 idemque
946 3177 1009 3236 eius
1041 3173 1206 3254 exemplum
1236 3177 1366 3236 irnitatus
1391 3195 1408 3234 a
1430 3177 1492 3234 uita

233 3289 236 3293 ·
340 3273 460 3352 publica
483 3292 515 3333 se
540 3273 683 3332 abstinuit
704 3281 736 3332 et
758 3279 858 3352 spreta
878 3271 1018 3352 dignitate
1039 3275 1185 3332 senatoria
1200 3275 1293 3348 (Plio.
1308 3293 1352 3350 cp.
1370 3275 1395 3330 V
1412 3273 1440 3348 3,
1456 3275 1489 3348 6)

341 3391 430 3432 omne
455 3378 574 3450 tenipus
602 3373 634 3432 in
662 3389 695 3430 re
722 3372 862 3432 familiari
888 3371 1017 3432 curanda
1047 3369 1211 3450 litterisque
1239 3371 1397 3432 tractandis
1424 3389 1490 3432 cora-

341 3471 475 3550 sumpsit.
513 3489 571 3548 quo
599 3487 676 3530 anno
703 3478 804 3530 autem
830 3469 906 3530 hano
936 3471 1093 3530 amicitiam
1126 3471 1268 3548 1111111111,
1302 3489 1362 3530 non
1389 3471 1492 3548 liquet,

341 3575 423 3630 certe
447 3567 559 3648 aliquot
581 3569 667 3628 annis
689 3576 844 3646 postquam
869 3567 982 3628 Atticus
1001 3567 1123 3628 Athenis
1141 3567 1264 3628 Romam
1286 3553 1425 3628 reuersus
1447 3575 1493 3628 est

342 3659 384 3750 (a.
402 3659 562 3748 651689),
592 3683 690 3744 neque
722 3667 803 3726 enirn
834 3667 1001 3728 accuratius
1041 3667 1104 3726 eius
1140 3667 1283 3744 temporis
1316 3669 1493 3726 meminerat

343 3765 590 3840 (1111115).
628 3769 692 3824 tum
708 3781 782 3824 uero
802 3763 916 3824 Atticus
936 3783 1003 3824 eum
1023 3763 1144 3842 dignum
1163 3763 1314 3842 iudicauit,
1334 3767 1383 3844 qui
1405 3767 1492 3824 etiarn

341 3863 457 3924 tahulas
480 3863 604 3940 expensi
626 3863 789 3942 inspiceret
808 3863 847 3934 (o.
865 3863 915 3938 13,
932 3863 951 3920 6
957 3863 1015 3938 sq.)
1035 3863 1234 3940 undecimque
1253 3863 1405 3924 Ciceronis
1431 3863 1492 3940 epi·

342 3960 488 4022 stularum
510 3961 661 4022 uolumina
681 3967 814 4021 ceterum
837 3961 923 4020 arrrie
947 3967 1060 4022 secreta
1083 3959 1335 4040 perlus·tra1·et(c.
1358 3961 1408 4022 16,
1432 3959 1492 4020 uid.

342 4061 438 4136 Bries
454 4063 487 4119 io
511 4061 538 4120 d.
558 4066 632 4121 rom.
650 4061 722 4120 Luc
734 4079 768 4136 p.
788 4059 928 4136 41111.)
970 4059 1112 4118 uersiculi
1142 4077 1247 4138 parum
1276 4061 1387 4136 seueri,
1420 4079 1492 4136 quos

344 4157 458 4218 deliciis
486 4151 567 4218 illins
594 4159 699 4218 aetatis
726 4155 886 4216 obsecutus
915 4157 997 4236 lusit,
1025 4159 1088 4218 eius
1118 4175 1233 4216 morum
1257 4157 1405 4216 sanctitati
1433 4175 1492 4216 non

344 4255 505 4316 obfuerunt
527 4257 622 4328 (Plio.
641 4273 686 4332 ep.
707 4256 736 4311 V
749 4255 778 4328 4,
794 4255 837 4332 6),
863 4257 952 4314 immo
971 4257 1035 4338 ipse
1056 4253 1169 4316 Atticus
1189 4273 1256 4316 eum
1279 4255 1414 4314 hortatus
1440 4263 1494 4334 est,

342 4362 379 4414 ut
395 4355 484 4414 etiam
500 4353 535 4414 de
550 4351 586 4412 Μ.
602 4353 721 4412 Catonis
735 4355 797 4412 uita
813 4361 841 4412 et
855 4351 988 4412 moribus
1003 4351 1112 4414 lihrnm
1126 4353 1237 4414 iaceret
1251 4355 1318 4426 (uit.
1333 4355 1396 4412 Cat.
1408 4355 1438 4428 3,
1449 4355 1494 4430 5),
