3234 4950
256 410 298 473 62
620 410 865 467 IMPERATORIS
886 410 1042 467 AVGVSTI

255 574 463 653 ἀποστάντας
505 574 537 651 ἐς
579 580 657 651 τοὺς
695 579 822 660 φόρους
863 576 1047 659 ἐπανήγαγε
1089 576 1144 641 καὶ
1188 574 1319 661 ἑτέρους
1360 578 1404 653 ὡς

257 674 405 757 ἀρχῆθεν
431 672 478 737 ἔτι
508 675 605 749 ὄντας
635 673 840 755 αὐτονόμους
867 668 933 737 εἷλε
963 674 1018 739 καὶ
1045 676 1169 749 πάντας
1204 674 1402 761 ἐκρατύνατο

256 772 329 835 ὅσοι
351 772 584 857 increpantia
606 776 737 837 οἰκοῦσι
764 770 1000 855 enutriant,
1023 776 1174 857 βάρβαρα
1203 776 1256 839 καὶ
1279 774 1402 859 μάχιμα

254 866 341 953 ἔθνη
371 868 425 933 καὶ
458 872 660 935 κλοτεύοντα
689 872 750 953 τὴν
773 870 915 935 Ἰταλίαν
945 872 988 947 ὡς
1017 876 1157 955 γείτονα.
1174 910 1216 917 -—-
1238 878 1277 949 (e.
1294 878 1350 947 16)
1371 870 1404 935 Ὁ

255 964 292 1031 <it
312 972 481 1049 Σεβαστὸς
503 970 610 1033 πάντα
635 968 831 1052 ἐχειρώσατο
854 968 992 1045 ἐντελῶς
1017 970 1071 1035 καὶ
1094 970 1131 1033 ἐν
1150 974 1322 1055 παραβολῇ
1344 980 1429 1055 rippa

253 1064 413 1150 ἀπραξίας
432 1066 611 1133 Ἀντωνιόν
636 1072 868 1151 κατελογίσατο
894 1076 931 1153 τῇ
957 1072 1062 1155 βουλῇ
1086 1070 1147 1151 τὴν
1164 1066 1309 1133 Ἰταλιαν
1327 1068 1402 1151 ἡμε-

253 1176 357 1248 ρῶσαι
383 1166 561 1249 δυσμάχων
586 1164 700 1229 ἐθνῶν
720 1166 848 1249 θαμινά
873 1166 1109 1251 ἐνοχλούντων.
1135 1172 1201 1231 κτλ.

344 1260 401 1329 14.
425 1270 513 1329 Sera.
537 1279 649 1329 nactas
670 1274 715 1329 aet
732 1272 821 1343 Vero.
838 1272 911 1331 Aen.
940 1270 1021 1329 riri
1040 1270 1105 1329 696
1138 1268 1174 1329 Et
1198 1268 1345 1347 Augustus
1371 1272 1402 1327 in

253 1370 533 1427 commemoratione
559 1370 641 1427 uitae
664 1386 733 1427 suae
759 1368 850 1427 refert
875 1368 1033 1427 Antonium
1057 1370 1190 1445 iussisse,
1214 1376 1247 1427 ut
1270 1368 1400 1447 legiones
1545 1438 1546 1449 ἶ

252 1482 324 1524 suae
344 1464 420 1541 apud
440 1466 626 1543 Cleopatram
647 1466 829 1527 excubarent
851 1468 973 1545 eiusque
999 1474 1074 1527 nutu
1097 1474 1127 1527 et
1149 1468 1232 1525 iussu
1252 1474 1399 1545 parerem.
1416 1484 1442 1523 ιο
1545 1450 1548 1561 l

199 1592 234 1655 <a
342 1556 422 1623 15³⁶.
449 1566 528 1625 Ptat.
542 1566 611 1625 Ant.
629 1562 670 1625 68
690 1558 746 1624 Ἐν
761 1560 874 1647 Ἀκτίιμ
896 1556 931 1625 (lb
951 1562 1057 1625 τολὺν
1079 1560 1094 1625 ὁ
1116 1562 1231 1635 στόλος
1249 1562 1399 1643 [Antonii]
1546 1562 1549 1577 ²

251 1658 419 1739 ἀντισχὼν
453 1660 597 1743 Καίσαρι
628 1660 752 1743 χρόνον
783 1658 839 1723 καλ
877 1658 1033 1743 μέγιστον
1071 1656 1205 1743 βλαβεὶς
1240 1660 1304 1723 ὑπὸ
1341 1670 1401 1723 τοῦ

250 1758 423 1831 κλύδωνος
451 1758 583 1839 ὑψηλοῦ
610 1759 694 1823 κατά
716 1756 853 1847 πρῴραν
879 1756 1054 1839 ἱσταμένου
1078 1760 1171 1839 μόλις
1198 1756 1282 1841 ἀρας
1308 1758 1400 1821 ἀεκό-

249 1880 307 1937 τιγς
333 1854 457 1919 ἀπεῖπε.
491 1852 547 1919 καλ
570 1856 682 1942 νεκροὶ
707 1853 767 1941 μὲν
790 1856 831 1921 ού
853 1862 988 1931 πλείους
1013 1854 1165 1937 ἐγένοντο
1195 1872 1402 1937 κεντακισχι»

251 1958 345 2035 lior,
363 1952 515 2019 ἑάλωσαν
534 1950 570 2017 δὲ
590 1958 774 2039 τριακόσιαι
792 1964 879 2039 νῆες,
900 1956 943 2031 ὡς
963 1956 1060 2029 αὐτὸς
1081 1954 1244 2039 ἀνέγραψε
1263 1958 1399 2039 Καῖσαρ.
1415 1974 1441 2015 15

341 2050 422 2117 lte.
449 2058 530 2117 Soet.
548 2060 628 2131 Ακγ.
648 2058 691 2116 42
714 2056 817 2135 Magna
841 2078 911 2117 uero
937 2056 1084 2137 quondam
1107 2054 1264 2117 sterilitate
1287 2074 1322 2115 ae
1345 2054 1399 2113 dil·

250 2156 323 2213 tieili
342 2154 481 2234 remedio,
502 2174 569 2213 cnm
589 2156 749 2215 uenalicias
770 2163 799 2215 et
819 2156 991 2217 lanistarum
1017 2154 1142 2215 familias
1164 2156 1399 2233 peregrinosque

250 2239 362 2313 omnes
383 2254 516 2333 exceptis
543 2253 668 2315 medicis
698 2263 727 2315 et
750 2254 992 2333 praeceptoribus
1017 2256 1183 2333 partimque
1209 2256 1399 2315 seruitiorum

249 2352 325 2411 urbe
350 2352 521 2429 expulisset
543 2360 578 2411 ut
600 2353 721 2413 tandem
743 2372 858 2413 annona
883 2352 1039 2429 conualuit,
1065 2354 1208 2431 impetum
1232 2370 1264 2411 se
1284 2352 1399 2429 cepisse

250 2450 355 2511 scribit
392 2451 639 2514 frumentationes
675 2450 809 2531 publicas
848 2454 879 2512 iu
916 2456 1093 2532 perpetuum
1131 2448 1279 2528 abolendi,
1322 2448 1398 2528 quod
1413 2468 1440 2506 eo
1544 2460 1546 2532 j

251 2569 353 2610 earum
366 2549 476 2610 fiducia
494 2549 610 2610 cultura
629 2569 769 2629 agromm
787 2559 925 2628 cessaret,
939 2567 1041 2632 neque
1062 2557 1161 2610 tamen
1179 2547 1399 2628 perseuerasse

250 2651 319 2728 quia
348 2656 463 2708 eertum
484 2649 608 2710 baberet
630 2657 699 2730 post
722 2669 753 2710 se
779 2667 835 2728 per
856 2649 1047 2708 ambitionem
1074 2647 1247 2728 quandoque
1273 2649 1398 2708 restitui.

248 2755 337 2826 atque
365 2749 406 2808 ita
427 2747 550 2826 posthac
575 2767 639 2808 rem
662 2749 848 2826 temperanti,
873 2757 986 2808 utnon
1018 2749 1162 2808 minorem
1191 2753 1340 2806 aratorum
1365 2765 1399 2804 ac

248 2847 466 2924 negotiantium
488 2865 577 2924 quam
599 2847 703 2926 populi
725 2849 870 2906 rationem
897 2845 1064 2906 deduceret.

341 2937 397 3006 lt.
420 2947 535 3020 Dioest.
549 2947 682 3006 XXXX
687 2947 769 3006 VIII
782 2945 868 3020 24,1
894 2943 1033 3024 leiurrus
1052 2943 1128 3004 libro
1149 2961 1224 3004 nono
1246 2943 1280 3004 de
1301 2943 1398 3004 allicio
1413 2961 1438 3000 ee

248 3043 449 3120 proconsulis:
474 3042 604 3122 Corpora
622 3063 734 3122 corum,
759 3047 808 3123 quii
834 3045 927 3122 capite
957 3045 1141 3120 damnantur,
1164 3045 1296 3120 cognatis
1321 3043 1399 3120 ipso-

248 3159 316 3202 rum
340 3143 475 3220 neganda
495 3161 555 3202 non
581 3151 658 3221 sunt,
682 3151 712 3202 et
733 3141 766 3202 id
787 3161 819 3202 se
840 3141 1015 3204 obseruasse
1034 3143 1122 3200 etiam
1143 3139 1228 3200 diuus
1247 3141 1397 3218 Augustus

248 3241 325 3300 libro
350 3240 465 3300 decimo
489 3239 526 3300 de
548 3243 610 3301 uita
635 3259 688 3302 sua
713 3241 824 3300 scribit.

339 3333 396 3401 18.
420 3341 531 3402 Pseud.
549 3343 628 3402 Ptin.
650 3343 687 3400 de
710 3343 816 3400 inertie.
838 3339 858 3398 I
878 3339 919 3398 18
941 3343 985 3416 (p.
1002 3339 1042 3396 21
1070 3341 1113 3398 eoi.
1131 3339 1237 3412 Basti.)
1263 3339 1305 3396 ld
1331 3337 1398 3396 eali-

248 3441 334 3516 gines
353 3439 506 3498 oculorum
527 3445 554 3498 et
574 3437 610 3498 ad
628 3439 703 3498 uitia
721 3441 923 3498 uetustissima
950 3447 977 3498 et
998 3435 1033 3496 ad
1053 3435 1270 3498 scabritudines
1295 3443 1325 3498 et
1347 3435 1398 3496 ob-

339 3591 388 3646 14.
410 3593 451 3658 cf.
468 3592 598 3648 Serani
614 3595 684 3648 Αικ.
707 3595 786 3646 VIII
801 3597 865 3648 678.

300 3732 302 3735 Ι
339 3663 387 3718 15.
411 3667 460 3720 Aa
480 3665 595 3718 Antiana
620 3665 762 3720 dnodccini
788 3665 868 3718 initia
899 3665 1016 3718 rnititnni
1038 3665 1157 3718 Antonii
1185 3663 1324 3730 cecidisse,
1350 3679 1399 3716 sen

247 3737 400 3791 accinerato
417 3753 472 3790 esse
488 3753 523 3788 eac
541 3737 630 3804 eisque
646 3739 799 3805 posteinie
819 3737 944 3802 defecisse
963 3737 1045 3802 refert
1067 3735 1177 3790 Orosius
1200 3735 1241 3786 VI
1259 3737 1359 3800 19,12.

338 3807 386 3861 16.
411 3809 484 3862 Ptea
500 3807 778 3876 τἀλκιῐῑωιιιιιανωιάι.
794 3825 846 3862 και
861 3809 954 3862 Geren.
966 3809 990 3862 ό.
1004 3809 1118 3862 Kaisers
1134 3807 1279 3862 Hadrinn’
1297 3825 1327 3874 p.
1344 3811 1397 3858 109

247 3881 297 3934 boc
314 3879 475 3934 Saetoninnt
493 3897 528 3932 eac
546 3879 683 3934 br‘eaiorio
703 3883 787 3934 totins
808 3881 921 3948 luitperto
940 3881 1062 3934 bneisisse
1081 3885 1174 3942 censet,
1190 3895 1250 3932 enin
1262 3879 1398 3946 pertinent

247 3954 286 4006 αά
303 3951 474 4006 sterilitatem
491 3969 517 4004 ιι.
534 3950 634 4022 ester.

339 4023 387 4076 18.
407 4023 452 4076 De
470 4026 631 4078 anctoritate
650 4023 732 4078 baias
749 4025 786 4088 fr.
800 4023 857 4076 erici.
874 4041 895 4076 s.
905 4041 934 4092 p.
951 4039 1061 4090 ereren.

341 4179 366 4232 1.
392 4171 430 4243 ὡς
455 4179 508 4232 neit
530 4177 696 4248 transponit
718 4179 771 4232 nat
791 4173 864 4234 cietet
886 4175 1042 4232 Mendetss.
1320 4247 1324 4254 ι

339 4257 396 4342 14,
417 4267 444 4322 9.
465 4263 582 4340 legione
597 4265 686 4324 Bern.
828 4267 874 4322 10.
897 4263 1087 4340 Cleopatram
1100 4263 1211 4322 Daniel
1225 4263 1396 4320 decoratum

246 4357 376 4414 Ftorinc.
398 4353 568 4412 decoratum
595 4355 685 4413 Bern.
774 4353 953 4414 excubarent
977 4353 1057 4410 Fior.
1149 4353 1244 4410 iussus
1269 4353 1349 4410 βίον.

339 4437 397 4510 lt.
422 4445 472 4502 22.
494 4446 562 4518 post
587 4441 629 4518 se]
655 4445 715 4501 eod.
731 4445 829 4502 Basti.
849 4443 970 4502 Vinctob.
985 4443 1014 4510 Ι,
1038 4461 1123 4518 posse
1147 4443 1201 4502 otii
1224 4443 1304 4500 codd.
