3234 4950
247 365 364 412 CXXXX
495 345 541 398 DE
563 343 792 398 soatroottvm
813 344 905 398 mols
925 343 970 398 ET
991 343 1146 398 aestimo

242 527 326 584 siout
344 539 413 582 ona.
436 523 493 582 HI
502 541 533 600 p.
552 523 630 596 772)
650 523 783 600 eonieeit,
811 541 845 582 er
875 521 981 600 quihus
1005 521 1119 582 Plinius
1147 541 1195 582 res
1219 522 1391 601 geographi·

244 639 292 680 eas
331 623 536 698 exeer‘psisset.
592 627 694 680 eontra
730 641 819 698 quern
854 621 994 680 liuenzer
1032 623 1065 692 O.
1090 623 1119 681 d.
1142 623 1188 680 Pl.
1208 641 1245 696 p.
1267 623 1333 680 130
1347 641 1389 698 sq.

244 719 274 778 L.
303 719 416 780 Veteris
447 719 571 780 alieuius
597 719 689 778 libros
716 719 824 798 Hpgini
847 719 999 798 llelaeque
1026 719 1139 779 similes
1163 719 1256 780 fuisse
1278 719 1389 780 maluit.

243 827 324 878 serta
346 825 445 878 tamen
468 825 638 896 argumenta
657 819 757 878 neutri
781 821 945 878 sententiae
963 817 1095 878 subiecta
1121 825 1197 878 sunt.

524 1097 559 1166 O.
587 1093 794 1168 LICINIVS
823 1093 1069 1168 nveitais
1078 1089 1104 1179 1)

331 1277 387 1336 lliu
411 1275 519 1336 dubius
542 1275 633 1354 haesi,
656 1295 726 1334 num
753 1275 831 1334 hune
853 1277 885 1334 iu
908 1294 982 1352 opus
1006 1295 1106 1336 meum
1129 1279 1303 1356 reciperem,
1326 1287 1389 1338 tan·

244 1373 311 1434 dem
336 1373 491 1436 excludere
517 1373 605 1434 nolui.
644 1373 757 1434 Plinius
777 1375 855 1433 enim
875 1376 976 1451 maior,
1002 1375 1101 1454 quiin
1122 1375 1248 1436 naturali
1266 1377 1389 1436 historia

242 1475 340 1534 omnin
364 1475 428 1534 eius
454 1475 614 1552 fragmenta
640 1475 778 1546 seruauit,
804 1475 918 1532 etiamsi
942 1491 990 1532 res
1014 1471 1049 1532 ab
1074 1493 1107 1532 eo
1127 1484 1223 1552 gestas
1243 1493 1389 1554 nusquam

243 1573 365 1634 adeius
397 1575 598 1634 alletoritatem
628 1571 753 1650 rettulit,
782 1571 835 1630 sed
862 1589 938 1650 quae
964 1573 1149 1650 pertinerent
1177 1572 1212 1634 ad
1242 1583 1389 1634 terrarum

243 1673 342 1750 situm,
374 1679 509 1730 naturam
539 1689 640 1730 rerum
670 1677 758 1748 atque
781 1669 960 1748 animalium,
992 1678 1079 1748 anteo,
1109 1678 1208 1730 tamen
1238 1673 1389 1751 miracula,

242 1789 318 1850 quae
342 1769 441 1848 multa,
466 1769 501 1828 ah
526 1787 559 1828 eo
583 1771 664 1828 uisa
688 1787 754 1830 esse
778 1787 865 1848 saepe
889 1769 1043 1828 coufirmat
1072 1770 1126 1846 (fr.
1146 1771 1174 1830 7.
1195 1771 1247 1832 10.
1267 1771 1389 1832 1213.

243 1869 293 1928 18.
315 1869 365 1928 20.
387 1869 452 1942 24.)
476 1871 716 1946 mentionemque
740 1869 846 1928 laetam
869 1867 1024 1944 legationis
1048 1887 1119 1929 suae
1142 1869 1248 1946 lips-iae
1266 1871 1321 1946 (fr.
1336 1871 1388 1930 21.

242 1967 299 2042 22)
317 1975 404 2046 atque
418 1967 568 2046 epulatum
588 1985 619 2026 se
639 1969 715 2026 intra
733 1966 863 2044 patulam
883 1965 1032 2046 platanum
1052 1968 1116 2028 eius
1130 1969 1302 2047 prouinciae
1322 1987 1389 2029 cum
1415 2020 1417 2023 .

243 2065 482 2126 duodeuicesimo
514 2067 618 2126 ooniite
649 2085 715 2126 eum
738 2063 934 2144 ‘prodendum
963 2067 1050 2126 etiam
1073 2069 1202 2144 posteris
1223 2063 1389 2144 putauisse'

243 2167 296 2242 (fr.
318 2157 413 2250 21).2)
463 2165 577 2244 deinde,
604 2163 656 2224 uhi
685 2165 748 2224 looa
776 2163 897 2242 addidit,
924 2165 1022 2224 omnia
1050 2183 1084 2224 ex
1114 2167 1227 2226 oriente
1253 2169 1388 2246 sumpsit,

242 2263 315 2324 nihil
346 2283 379 2324 ex
410 2263 578 2342 Germania,
606 2261 710 2342 Gallia,
738 2263 903 2340 Britannia,
931 2263 1084 2342 Hispania,
1112 2283 1186 2342 quas
1209 2271 1305 2324 terras
1328 2285 1388 2324 non

242 2363 323 2440 adiit,
349 2363 474 2444 denique
499 2363 586 2422 etium
605 2381 745 2422 numeros
766 2363 926 2442 spatiorum
947 2372 1083 2424 accurate
1102 2363 1269 2444 adscripsit.
1308 2367 1389 2444 atqui

241 2461 368 2523 hluoiani
393 2482 488 2523 mores
516 2467 542 2523 et
568 2461 695 2523 facinora
722 2463 883 2541 praecipuo
910 2461 1010 2523 studio
1032 2459 1165 2523 Tacitum
1195 2465 1225 2523 in
1255 2461 1388 2525 historiis

240 2568 430 2639 persecutum
461 2580 525 2621 esse
554 2562 625 2621 satis
654 2568 754 2621 notum
783 2569 840 2639 est,
868 2560 920 2621 sed
949 2562 1086 2641 qnoniam
1114 2580 1262 2643 nusquam
1285 2580 1388 2625 eorum

241 2664 368 2739 eognitio
394 2680 427 2719 ex
454 2662 516 2721 eius
539 2662 633 2739 ipsius
654 2660 873 2721 commentariis
898 2678 962 2721 esse
979 2660 1083 2721 hausta
1101 2659 1230 2739 uidetur,
1256 2680 1288 2721 ea
1308 2680 1388 2721 nune

241 2766 375 2839 repetere
401 2758 566 2841 supersedi,
597 2760 666 2817 satis
692 2760 747 2819 erit
771 2758 903 2819 breuiter
925 2760 973 2819 hie
1003 2759 1157 2840 complecti
1189 2760 1328 2839 (Prosop.
1352 2762 1392 2821 II

238 2880 269 2937 p.
289 2858 355 2919 280
363 2878 425 2937 sqq.
451 2854 479 2919 n}
506 2858 585 2931 147)
613 2856 793 2935 lluoianum,
828 2876 896 2917 eum
925 2860 1044 2917 iuuenis
1077 2860 1210 2937 insignes
1242 2862 1387 2919 amicitias

241 2958 395 3019 ambitiose
427 2958 576 3035 coluisset,
608 2976 674 3017 mor
708 2958 816 3015 attritis
845 2956 961 3035 optimo,
989 2956 1104 3017 luhrieo
1134 2965 1219 3037 statu,
1249 2966 1386 3039 suspecta

241 3058 330 3117 etiam
354 3054 467 3117 Claudii
489 3054 644 3117 iracundia
669 3056 701 3117 in
725 3062 873 3117 seoretum
897 3055 981 3115 asiae
1011 3058 1171 3135 sepositum
1201 3064 1261 3117 tam
1282 3058 1388 3136 proc-ul

241 3156 277 3215 ah
301 3154 386 3215 exulo
410 3156 502 3215 tuisse
524 3174 608 3235 quam
628 3160 729 3233 postea
750 3174 766 3215 a
784 3156 918 3235 principe
933 3156 1021 3227 (Tne.
1034 3156 1101 3215 hist.
1118 3156 1219 3235 Iro),
1243 3168 1306 3217 tum
1332 3156 1386 3217 suh

205 3302 206 3307 ,
240 3252 358 3315 Nerone
383 3248 522 3337 (fortasse
546 3274 569 3313 a.
591 3248 708 3333 55l808
733 3260 762 3315 et
786 3246 918 3335 tilllsslss)
938 3252 1067 3331 legatum
1091 3252 1215 3333 legionis
1238 3254 1293 3315 sub
1315 3254 1385 3315 Cor-

239 3354 349 3413 hulone
371 3354 403 3413 in
425 3352 562 3411 Armenia
589 3354 695 3429 (fni),
721 3352 858 3431 deinceps
883 3360 949 3431 post
971 3359 1097 3411 mortem
1120 3352 1247 3411 Neronis
1271 3354 1386 3414 iurasse

200 3438 201 3441 ¹
241 3450 350 3513 Othoni
382 3458 411 3511 et:
442 3452 569 3529 Vitellio,
609 3450 734 3531 denique
767 3454 797 3511 in
830 3451 1002 3531 Vespasiani
1033 3459 1132 3531 partes
1163 3459 1385 3531 transgressum

239 3550 348 3611 Romae
382 3552 444 3609 eius
476 3552 632 3629 imperium
665 3548 833 3609 eondidisse
865 3558 895 3609 et
923 3550 960 3609 ah
990 3568 1025 3609 eo
1054 3550 1175 3609 fratrem
1208 3550 1385 3630 appellatum

241 3666 374 3729 annoque
402 3644 518 3729 relata
542 3650 659 3727 iterum,
685 3644 800 3725 rapodo
820 3650 939 3707 tertium
962 3648 1111 3709 erinsulem
1132 3648 1289 3711 suiiestum
1309 3668 1384 3709 esse.

331 3900 356 3963 1)
373 3892 509 3963 Borghesi
533 3892 647 3947 Oenones
664 3890 701 3945 IV
716 3910 740 3961 p,
758 3897 907 3945 ota-353.
933 3894 965 3945 L.
980 3894 1075 3946 Brunn
1093 3894 1137 3949 De
1157 3894 1184 3947 C.
1201 3894 1233 3947 L.
1251 3895 1293 3947 M.
1310 3892 1384 3947 Dios.

240 3976 312 4045 Lips.
331 3980 407 4029 1870,

330 4058 356 4125 2)
375 4054 512 4119 Quoniam
538 4052 664 4123 Augusto
685 4056 851 4121 proeurator
873 4070 907 4107 ex
929 4054 1027 4107 Africa
1048 4054 1258 4124 quadringenta
1283 4054 1383 4123 paneis

239 4136 331 4191 minus
356 4136 488 4205 germina·
505 4152 539 4187 ex
562 4152 617 4185 uno
642 4150 728 4203 grano
751 4134 831 4187 misit
848 4134 1014 4203 (Plinnh.
1032 4139 1131 4203 18,94)
1152 4138 1201 4187 aut
1223 4134 1383 4203 praefectus

239 4218 362 4287 Aegypti
385 4216 646 4285 hippocentaurum,
670 4232 752 4283 quem
772 4214 868 4269 uiuum
892 4234 925 4269 ex
943 4215 1048 4269 Arabia
1067 4218 1223 4284 acceperat,
1240 4218 1383 4269 mortuum

239 4296 438 4365 conditumque
454 4296 559 4365 (Phleg,
572 4294 697 4363 Mueller,
714 4296 741 4349 F.
757 4296 790 4347 H.
806 4296 838 4350 G.
853 4296 891 4349 ΠΙ
910 4314 935 4365 p.
949 4299 1020 4365 624),
1036 4296 1158 4349 concinit
1171 4296 1296 4349 studium
1310 4296 1382 4349 talia

238 4380 372 4431 miracula
392 4378 478 4431 etiam
498 4376 704 4429 enuntientariis
725 4374 873 4429 inserendi.
