3234 4950
271 354 335 423 100
620 358 674 413 CN.
696 356 870 413 DOMITIVS
892 354 1058 413 eonssvno

270 526 432 587 astantibus
457 528 503 605 ἰίε,
527 546 599 605 qnos
625 528 810 587 testificando
834 546 885 587 rex
908 528 1046 605 misisset,
1077 530 1226 587 nerninem
1251 528 1415 587 Romanum

270 627 439 686 Armeniam
471 628 686 705 ingressurum,
719 624 814 687 donee
845 628 1032 687 referrentur
1062 628 1178 687 litterae
1210 626 1344 705 Neronis,
1380 644 1416 685 an

270 726 337 801 paei
358 732 514 783 annueret.
550 744 626 803 quae
648 733 683 783 nt
707 724 856 804 augendae
878 726 1016 785 infamiae
1040 726 1210 805 composita7
1237 728 1277 785 sio
1303 722 1417 803 reliqua

270 840 329 881 non
354 824 389 881 in
414 822 540 883 obscuro
571 822 729 901 habentur,
760 842 818 885 una
845 820 893 883 die
922 822 1116 903 qnadraginta
1142 822 1259 883 milium
1288 826 1416 901 spatium

270 940 423 981 emensum
449 940 514 981 esse
535 922 658 981 Paetum
685 922 813 981 desertis
835 924 947 999 passim
970 922 1091 1001 sauciis,
1123 940 1217 999 neque
1244 924 1340 981 minus
1367 922 1415 981 de·
1445 944 1455 983 s
1552 948 1553 961 ¹

270 1020 395 1079 lormern
422 1019 504 1079 illam
533 1020 710 1098 fugientium
741 1020 975 1099 trepidationem,
1011 1038 1096 1099 quam
1128 1022 1151 1079 si
1183 1028 1265 1099 terga
1294 1022 1323 1079 in
1354 1022 1416 1081 aoie

269 1122 440 1179 uertissent.

359 1212 416 1278 3²12
444 1220 522 1277 Pleu.
540 1236 571 1277 u.
588 1220 617 1277 b.
639 1218 723 1277 Vsa
753 1218 854 1279 Oritur
881 1216 1077 1295 [Euphrates]
1098 1220 1130 1277 in
1153 1218 1339 1293 praefectura
1365 1218 1415 1275 Ar·

270 1318 387 1377 neniae
408 1320 530 1376 maioris
555 1315 731 1391 Caranitide,
756 1325 787 1377 ut
807 1314 964 1395 prodidere
986 1336 1020 1377 ex
1039 1316 1085 1395 iis,
1111 1318 1160 1394 qui
1181 1318 1313 1395 proxime
1332 1314 1416 1375 uide·

177 1412 243 1465 fn?
270 1422 344 1493 rant,
378 1416 523 1475 llomitins
551 1414 677 1475 Corbulo
710 1416 740 1473 in
772 1422 874 1475 monte
905 1416 973 1493 Aga,
1008 1414 1139 1475 Lieinius
1175 1414 1326 1473 blueianus
1362 1412 1415 1473 sub
1432 1440 1455 1479 10

270 1512 419 1573 radic-ibus
452 1515 575 1591 montis
607 1532 697 1593 quem
729 1512 859 1593 Capoten
892 1512 1031 1593 appellat,
1067 1530 1154 1591 snpra
1190 1512 1333 1573 Zimaram
1364 1512 1415 1571 llll

270 1612 350 1671 milia
374 1630 524 1692 passuum,
546 1614 634 1671 initio
654 1612 820 1691 Pyxurates
844 1614 1018 1671 nominatus.

356 1704 416 1772 4²¹2
443 1714 520 1771 Plt'u.
537 1730 569 1771 u,
586 1712 614 1771 b.
642 1712 689 1771 VI
700 1710 745 1769 23
771 1710 893 1771 Peracta
922 1718 966 1771 est
996 1712 1121 1771 interior
1143 1728 1229 1769 oraa
1255 1710 1305 1769 Cio
1329 1728 1415 1769 amne

270 1828 431 1887 omnesque
455 1810 584 1887 aeoolae,
614 1828 695 1869 nuno
716 1808 859 1869 reddatur
887 1810 992 1887 ingens
1020 1810 1052 1867 in
1079 1808 1298 1869 mediterraneo
1323 1808 1415 1887 sinus,

270 1910 299 1965 in
329 1926 387 1987 qno
412 1908 507 1969 multa
533 1908 621 1967 aliter
648 1928 682 1967 ao
708 1917 827 1969 ueteres
856 1908 1043 1987 proditurum
1072 1926 1119 1967 me
1145 1926 1205 1967 non
1237 1926 1269 1967 eo
1295 1908 1414 1985 innuas,
1431 1932 1454 1971 15

270 2010 353 2065 anxia
385 2010 548 2085 perquisita
577 2026 648 2067 eura
679 2006 770 2067 rebus
799 2024 895 2085 nuper
923 2010 954 2067 in
982 2024 1016 2065 eo
1046 2008 1103 2067 situ
1133 2008 1223 2083 gestis
1250 2024 1264 2065 a
1287 2004 1414 2065 Domitio

270 2104 437 2166 Corbulone
459 2106 638 2185 regibusque
665 2106 734 2165 inde
764 2108 864 2165 missis
893 2104 1076 2185 supplicibus
1106 2112 1155 2165 aut
1185 2124 1286 2181 regum
1312 2102 1413 2163 liberis

270 2202 430 2265 obsidibus.
476 2204 630 2265 ordiemur
666 2212 764 2265 autem
803 2224 819 2265 a
856 2202 1063 2283 Cappadocum
1099 2210 1195 2281 gente.
1225 2238 1265 2245 -
1302 2238 1339 2243 --
1373 2238 1414 2245 -—

270 2295 341 2386 (39)
366 2304 391 2361 Α
412 2302 488 2381 Cyro
513 2304 651 2383 Caspium
675 2322 757 2363 mare
777 2304 882 2363 uooari
904 2304 1016 2379 ineipit.
1057 2302 1192 2361 aooolunt
1215 2302 1311 2379 Caspi.
1350 2322 1414 2363 oor·

269 2400 410 2480 rigandus
435 2410 479 2463 est
504 2406 533 2462 in
556 2404 612 2462 boo
636 2404 701 2463 loeo
723 2420 810 2463 error
832 2402 1003 2482 mullorum,
1030 2404 1121 2461 etiam
1146 2400 1199 2478 qui
1221 2402 1253 2459 in
1275 2400 1414 2461 Armenia
1431 2428 1454 2469 γε

270 2519 319 2560 res
340 2521 485 2578 proxume
510 2521 578 2562 euin
600 2503 767 2562 Corbulone
790 2521 918 2580 gessere.
965 2519 1092 2580 namque
1118 2501 1148 2560 lri
1173 2499 1292 2578 Caspias
1316 2501 1415 2580 appel-

269 2700 305 2762 ὡς
324 2701 372 2753 καὶ
390 2700 442 2770 τὴν
459 2702 554 2771 χώραν
576 2701 696 2770 ἀπονητί
712 2701 872 2772 ληψόμενος
889 2703 939 2756 καὶ
958 2697 1118 2770 εὐεργεσίαν
1138 2695 1165 2760 ἒς
1184 2699 1248 2760 τοὺς
1262 2695 1415 2768 Ῥωμαίους

269 2773 390 2842 μεγάλην
403 2769 633 2842 καταθησόμενος
650 2775 699 2827 καί
716 2773 775 2842 ἅμα
794 2773 842 2828 καί
862 2773 909 2828 τὸν
925 2773 1121 2842 Κορβούλωνα,
1141 2767 1174 2824 ὃν
1194 2771 1206 2824 d
1225 2773 1328 2832 Παῖτος
1348 2773 1415 2840 πρὶν

270 2849 527 2914 περιστοιγισθηναι
540 2845 736 2914 μετεπέμπετο,
746 2845 903 2914 πλησιάζειν
919 2843 1080 2912 πυθόμενος
1094 2845 1205 2912 ἀφῆκεν
1220 2843 1329 2908 αὐτούς,
1345 2863 1415 2912 προ-

269 2916 549 2986 ὃιομολογησσίμενος,
574 2915 622 2970 ἵνα
644 2917 694 2972 τὸν
714 2917 842 2986 ποταμὸν
868 2917 941 2970 αὐτῶ
959 2913 1106 2984 Ἀρσανίαν
1130 2913 1270 2980 ζεύξωσιν,
1297 2915 1346 2984 οὐχ
1373 2915 1415 2970 lire

269 2989 393 3058 γεφύρας
415 2987 514 3052 ἐδεῖτο,
531 2993 598 3057 πεζῇ
618 2989 671 3058 γὰρ
692 2989 776 3044 αὐτὸν
796 2973 962 3058 διείηίίίίει,
984 2983 1042 3040 ett'
1066 2985 1112 3040 ibe
1132 2983 1288 3056 ἑνδείξηταί
1310 3003 1413 3054 σφισιν,

270 3059 311 3112 ’ὅτι
330 3057 460 3126 κρείττων
478 3061 572 3113 αὐτῶν
589 3055 634 3130 ἦν.
654 3058 749 3130 ἀμέλει
766 3057 832 3114 οὐδὲ
851 3059 912 3114 τότε
934 3057 980 3114 διὰ
1000 3067 1048 3112 τοῦ
1063 3059 1211 3128 ζεύγματος
1231 3057 1413 3128 ἀνεχώρησεν,

270 3127 330 3184 ἀλλ’
345 3131 431 3190 αὐτὸς
449 3131 500 3200 μὲν
519 3129 564 3184 ἐπ’
585 3127 745 3200 ἐλέφαντος,
763 3131 789 3186 οἱ
811 3129 839 3186 δὲ
861 3131 936 3186 ditor
956 3129 1046 3196 ὥσπερ
1067 3131 1115 3184 ναὶ
1133 3127 1276 3196 πρότερον.
1309 3129 1370 3196 ἄρτι
1385 3149 1414 3184 σε

268 3203 284 3270 ἡ
305 3199 438 3272 ὁμολογία
456 3200 587 3274 ἐγεγόνει,
606 3205 653 3256 καί
673 3205 877 3274 ὁΚσρβοοίίων
895 3203 1028 3274 ἀμηχάνῳ
1048 3199 1126 3272 τείχει
1144 3201 1213 3268 πρὸς
1232 3201 1280 3256 τὸν
1298 3199 1414 3270 Εὐφραί-

267 3295 320 3342 την
338 3273 428 3328 ἐλθὼν
448 3272 564 3328 ἐνταῦθ’
585 3274 740 3344 ὑπέμεινεν.
775 3277 836 3332 Vt'd.
851 3291 938 3344 supro
950 3293 980 3344 μ.
1000 3295 1103 3328 (raanan.
1133 3273 1169 3328 B.
1186 3273 1226 3328 W.
1243 3273 1414 3340 Heudersuu,

270 3344 467 3400 Controuersies
485 3349 517 3400 e'u
532 3347 689 3400 Arueuluu
706 3349 877 3418 topoprupbp
894 3349 942 3400 H:
959 3343 1109 3400 Rhandeia
1129 3343 1185 3396 aud
1201 3345 1251 3400 the
1269 3345 1344 3398 river
1364 3347 1412 3398 Ar-

270 3417 363 3470 sanias
385 3419 458 3484 (Tae
475 3420 596 3472 Jouruut
618 3421 650 3486 of
664 3420 812 3490 Plulelopy
830 3423 866 3472 65
881 3419 968 3488 [1903
967 3419 1008 3488 J).

356 3487 388 3544 4.
408 3489 485 3557 Quae
503 3493 646 3546 intercedit
661 3493 806 3560 desertpta'o
821 3493 891 3546 luter
905 3491 1097 3558 puruprupbee
1111 3493 1146 3544 23
1160 3493 1187 3540 et
1199 3493 1244 3554 39,
1258 3489 1316 3542 siue
1330 3487 1415 3544 dubio

268 3563 354 3616 uaultu
373 3565 492 3616 eontinet
510 3577 542 3616 eu
563 3561 710 3616 Corbulone
728 3564 836 3628 liaustu
857 3579 933 3632 queue
949 3563 1038 3628 ipsura
1055 3559 1117 3614 iude
1135 3577 1151 3612 u
1173 3559 1242 3628 §23
1260 3559 1415 3616 adhibitum

269 3649 324 3693 esse
336 3633 410 3686 docet
425 3633 500 3688 loeus
512 3635 632 3688 uomitus
645 3636 677 3686 tu
695 3635 800 3700 ἐνατία
817 3641 943 3688 eentum
960 3639 1052 3686 leuen
1069 3637 1134 3686 suut
1147 3647 1207 3684 euu
1223 3631 1288 3686 ullis
1303 3633 1413 3700 seriptu-

268 3704 359 3768 σῶμα·
387 3707 569 3759 uomtuauur
588 3705 610 3776 ἕ
628 3709 664 3760 27
688 3707 831 3772 Aufidius
856 3705 931 3776 §27
949 3709 973 3760 el
994 3709 1025 3756 31
1049 3703 1182 3760 Claudius
1205 3703 1314 3768 Ouesur,
1339 3703 1413 3774 §31

271 3775 411 3830 Coruelius
430 3775 530 3844 Nepae,
548 3775 620 3846 §36
639 3776 799 3843 Clitarchus,
818 3777 1017 3842 Eruwtostbeues,
1033 3775 1232 3840 Artemidorus,
1250 3775 1270 3846 ἕ
1290 3779 1325 3828 37
1340 3783 1366 3832 et
1378 3779 1415 3828 39

269 3848 404 3916 Apuppu,
428 3847 503 3917 §38
521 3849 564 3902 M.
579 3847 680 3914 Varro,
702 3854 761 3902 tum
782 3849 804 3920 ᾗ
823 3853 857 3902 31
882 3847 982 3920 aliqui,
1003 3853 1016 3912 ξ
1038 3853 1070 3898 37
1094 3863 1149 3900 non
1175 3845 1287 3912 desunt,
1312 3847 1361 3912 qui
1379 3879 1414 3886 -

268 3919 392 3972 tradunt.
407 3949 442 3959 -
460 3919 506 3976 De
519 3919 660 3974 Guueuse'e‘s
681 3923 770 3988 portia
786 3921 851 3976 bueo
871 3923 983 3976 Pilutus
1001 3919 1019 3990 ἕ
1040 3923 1085 3974 30:
1116 3917 1157 3970 Ab
1178 3915 1211 3970 iis
1234 3919 1370 3988 [Dederis
1390 3925 1417 3974 et

358 4099 393 4186 3,
414 4109 463 4166 10.
482 4103 564 4186 Aga]
579 4105 635 4164 aba
648 4108 707 4166 eod.
723 4101 834 4168 Puris?
847 4105 929 4168 Abos
944 4109 1023 4182 upud
1037 4109 1206 4172 Stroboueu
1223 4113 1276 4172 XI
1285 4133 1318 4186 p.
1334 4115 1415 4186 527,-

268 4195 330 4254 ναί.
343 4195 414 4270 Eplt
433 4195 451 4256 l.
464 4213 487 4254 ε.
498 4215 530 4270 p.
545 4197 609 4256 321
620 4215 659 4270 eu.

357 4275 394 4362 4,
419 4288 468 4344 13.
498 4285 587 4344 interi
615 4306 666 4346 ora
695 4285 909 4360 ehoamnssque
934 4289 1012 4348 aeddi
1028 4305 1080 4348 eeu.
1096 4291 1182 4364 Sttltp
1200 4281 1338 4372 (interior
1363 4311 1414 4352 ora

268 4365 383 4456 Latet)
453 4377 502 4432 21.
526 4369 655 4454 caspias]
672 4375 731 4434 eod.
746 4377 865 4434 Mouue.
881 4379 1029 4454 easpasias
1046 4383 1103 4438 eett.
1120 4381 1199 4438 codd.
