3234 4950
495 1253 542 1324 bd.
563 1251 766 1324 TVLLIVS
794 1249 962 1324 CICERO
972 1247 999 1336 1l

347 1407 449 1476 (Natus
468 1423 492 1460 a.
511 1408 641 1478 1061648,
660 1423 715 1460 coo.
731 1405 845 1477 631691,
865 1409 991 1462 mortuus
1012 1405 1138 1478 431111.)

260 1576 296 1636 bl.
321 1575 434 1636 Tullius
466 1573 570 1636 Cicero
596 1573 645 1634 bis
673 1593 728 1652 per
759 1575 851 1634 uitam
884 1573 972 1636 rebus
1005 1573 1169 1636 scribendis
1202 1593 1321 1654 operam

170 1675 265 1751 dedit,
294 1681 329 1732 ut
359 1675 396 1732 alo
423 1675 616 1752 occupatione
645 1674 724 1732 uitae
753 1671 889 1752 publicae
923 1681 1054 1732 remotus
1082 1675 1206 1750 gloriam
1236 1691 1322 1732 sene·

170 1779 303 1834 scentem
323 1771 371 1830 uel
392 1771 496 1832 alienis
518 1771 649 1830 consiliis
670 1778 701 1830 et
717 1771 832 1830 inuidia
850 1771 1036 1832 obscuratam
1057 1771 1275 1848 redintegraret
1293 1779 1324 1832 ct

169 1875 202 1930 in
225 1873 339 1930 ciuium
359 1877 476 1930 mentes
501 1880 530 1930 et
557 1887 712 1930 sermones
740 1877 907 1948 reuocaret,
937 1871 1067 1948 primum
1095 1889 1119 1930 a.
1141 1865 1268 1950 carcaa
1278 1887 1322 1948 sq.

169 1989 237 2030 nam
258 1967 436 2048 simulatque
456 1967 610 2029 consulatu
631 1969 767 2048 decessit7
785 1967 902 2046 linctus
921 1975 955 2028 nt
978 1969 1019 2028 ait
1038 1971 1223 2040 (deonoti
1239 1969 1267 2044 I,
1278 1969 1324 2044 3),

170 2067 207 2128 ab
235 2087 271 2128 eo
298 2086 315 2127 a
344 2069 493 2128 communi
521 2073 604 2146 peste
635 2065 752 2144 depulsi
778 2069 809 2124 in
839 2087 905 2128 eum
937 2069 1034 2146 ipsum
1070 2065 1322 2128 redundauerunt.

168 2169 280 2245 itaque,
302 2185 370 2224 cum
395 2167 528 2226 omnium
550 2166 630 2224 oculi
648 2167 679 2224 in
699 2167 881 2244 Pompeium,
902 2167 953 2242 qui
970 2165 1058 2224 modo
1078 2165 1188 2224 bellum
1208 2165 1323 2224 111111111-

170 2265 300 2326 datioum
325 2282 439 2324 summa
464 2283 530 2324 cum
551 2263 646 2340 gloria
664 2263 841 2342 coniecerat,
862 2265 1002 2324 conuersi
1022 2269 1130 2342 essent,
1149 2263 1235 2342 paulo
1256 2271 1325 2342 post

77 2370 79 2373 ’
170 2365 406 2422 coniurationem
438 2361 584 2422 detectam
611 2359 819 2440 ‘epistulam
852 2381 912 2422 non
946 2361 1127 2422 mediocrem
1160 2361 1197 2422 ad
1227 2363 1324 2422 instar

169 2461 333 2523 uoluminis
359 2459 514 2539 scriptam'
538 2455 592 2519 ‘de
619 2459 727 2521 robus
757 2461 833 2520 suis
861 2463 897 2519 in
921 2461 1110 2521 consulatu
1137 2457 1262 2539 gestis⁷
1286 2461 1324 2521 ad

170 2580 238 2621 eum
261 2564 293 2621 in
316 2561 415 2619 Asiam
440 2558 543 2620 Cicero
567 2562 650 2619 misit
672 2558 855 2639 eandemque
883 2558 970 2619 simul
1000 2562 1087 2621 etiam
1111 2558 1222 2639 publici
1247 2562 1323 2619 iuris

170 2660 253 2737 lecit,
277 2667 309 2719 ut
333 2658 363 2717 L.
384 2660 550 2736 Torquatus
575 2660 634 2717 iarn
657 2678 725 2717 cum
750 2656 860 2717 Sullam
888 2666 1040 2717 accusaret
1066 2652 1103 2741 (a.
1121 2652 1265 2741 obluta),
1289 2678 1324 2717 ea

169 2760 215 2819 uti
236 2764 340 2837 posset
362 2760 441 2829 (Cic.
454 2776 517 2833 pro
536 2756 622 2817 Solle
641 2756 693 2831 24,
710 2758 775 2831 67),
797 2757 931 2817 imitatus
954 2756 1119 2835 exenrplum
1142 2756 1324 2836 Scipionum,

170 2858 223 2935 qui
245 2856 282 2915 de
304 2854 396 2915 rebus
416 2854 534 2915 bellicis
557 2854 700 2933 epistulas
724 2854 917 2915 coniecerunt
942 2854 1158 2933 edideruntque
1185 2858 1323 2929 (Fanum.

169 2958 237 3015 test.
257 2956 343 3015 Rom.
354 2972 388 3029 p.
409 2954 568 3029 Il3squ.
613 2972 720 3014 uerum
748 2962 855 3031 tamen,
888 2972 955 3011 curn
978 2950 1116 3031 ‘quadam
1147 2952 1322 3031 superbiore

169 3056 307 3113 iactantia
332 3052 469 3111 omnibus
493 3070 526 3113 se
548 3052 686 3129 gloriosis
707 3050 832 3113 ducibus
854 3050 1068 3131 anteponeret,
1091 3054 1147 3111 hac
1165 3050 1324 3113 insolentia

170 3152 292 3229 Pompei
317 3150 501 3210 stomachum
521 3148 609 3209 ‘haud
628 3146 831 3211 mediocriter'
852 3152 947 3209 mouit
966 3152 1080 3223 (Sodroi.
1099 3152 1171 3211 Boo.
1194 3152 1234 3211 nd
1263 3152 1323 3211 Cic.

167 3266 226 3325 pro
245 3252 351 3311 Plane.
362 3268 398 3325 p.
413 3248 531 3323 Zidsq.
551 3248 625 3327 Or),
646 3250 697 3327 qui
719 3266 823 3309 mense
842 3248 1003 3309 Februario
1029 3256 1155 3311 exeunte
1178 3250 1227 3311 uel
1247 3248 1323 3307 blar-

171 3350 213 3407 tio
235 3350 358 3407 ineunte
381 3342 554 3429 11611693
579 3350 609 3407 in
634 3348 742 3407 litteris
767 3346 802 3407 ad
829 3356 963 3407 senatum
987 3346 1063 3407 datis
1088 3366 1170 3427 spem
1196 3348 1248 3407 otii
1271 3368 1323 3407 sua

170 3464 260 3525 opera
284 3448 415 3507 restituti
441 3444 573 3505 ostendit
599 3452 687 3525 atque
715 3446 841 3525 priuatis
866 3446 1004 3507 Ciceroni
1030 3446 1214 3507 uoluntatem
1239 3464 1323 3505 suam

170 3544 304 3605 breuiter
333 3546 521 3623 significauit,
548 3544 602 3605 sed
631 3545 857 3623 gratulationem
888 3562 989 3605 rerum
1020 3544 1054 3605 ab
1083 3546 1139 3605 hoc
1162 3552 1324 3623 gestarum,

172 3662 261 3721 quam
281 3651 495 3721 expectauerat7
515 3644 637 3703 omnino
651 3644 853 3721 praetermisit
868 3650 956 3721 atque
972 3642 1147 3725 Ciceronem
1167 3660 1203 3701 ex
1217 3660 1323 3719 magna

172 3760 224 3821 spe
248 3740 418 3801 deturhauit
441 3744 499 3814 (oet
519 3744 592 3819 som.
614 3744 643 3800 V
653 3742 695 3813 7).
740 3758 847 3819 partun
876 3744 967 3819 igitur
990 3740 1117 3801 feliciter
1141 3740 1197 3799 hoo
1221 3740 1322 3799 libello
1354 3770 1355 3773 ¹

171 3842 313 3899 historiae
340 3860 409 3900 suae
431 3840 567 3917 prolusit7
593 3840 757 3899 sedetiam
782 3859 859 3919 spec,
885 3860 958 3917 quas
981 3842 1013 3899 in
1036 3840 1101 3899 aliis
1127 3838 1323 3917 scriptoribus

172 3948 324 4017 posuerat,
353 3958 421 3999 eum
449 3938 627 3999 fefellerunt.
664 3956 733 3997 nam
757 3956 853 4017 neque
881 3938 1013 4017 Archiae,
1037 3956 1125 4015 quem
1150 3956 1173 3995 a.
1196 3932 1321 4015 casada

173 4038 249 4115 apud
269 4035 383 4098 iudices
404 4038 584 4115 defenderat,
603 4047 654 4097 aut
671 4036 804 4115 Thyillus
831 4046 931 4115 poetae
958 4036 1061 4097 Graeci
1086 4040 1150 4097 eius
1174 4038 1322 4095 amicitiae

172 4136 397 4213 patrocinioque
425 4138 549 4211 gratiam
577 4134 771 4215 rettulerunt7
794 4138 851 4193 etsi
875 4134 1000 4215 polliciti
1026 4142 1107 4195 erant
1134 4136 1204 4211 (pro
1227 4136 1321 4195 Arcto.

263 4330 289 4394 1)
308 4324 370 4378 Via.
391 4324 433 4378 W.
453 4326 485 4378 Η,
503 4326 536 4380 D.
554 4324 697 4397 Soringoi,
720 4328 764 4379 De
788 4326 925 4379 Roomm'o
949 4326 1172 4395 cotrtohioprophis
1191 4324 1322 4393 (houden,

175 4410 253 4475 isco)
273 4426 298 4475 p.
315 4412 428 4461 21-28.

1080 4496 1108 4547 It
