3234 4950
225 404 266 450 CC
470 400 516 453 DE
538 400 767 453 SCRIPTORVM
787 398 880 451 urnis
902 398 945 451 ET
968 396 1121 451 senionis

225 568 329 647 ptore',
363 568 563 644 Theociio,
595 569 844 639 Caesareanorum
874 574 1040 643 temporum
1068 568 1227 645 scriptore,
1259 564 1370 625 Nico-

223 660 388 751 nrach01),
403 670 476 727 item
492 664 620 744 Graec-is,
634 664 694 725 uid.
709 665 745 725 tr.
759 682 827 725 cum
844 664 939 725 adnot.
955 666 1019 723 crit.
1037 682 1062 745 p.
1075 662 1137 725 149
1150 682 1201 745 sq,
1219 682 1292 745 qnos
1306 666 1370 743 qni-

225 766 292 825 dem
313 766 455 843 Vopiscus
480 765 659 841 significauit
682 766 740 823 iam
762 765 795 825 iu
818 766 968 841 prooemio
992 766 1071 823 uitae
1093 758 1285 847 Aurelianu),
1308 770 1371 823 tum

222 966 338 1039 leprose,
364 964 446 1035 quod
468 964 630 1021 terendum
652 979 717 1021 esse
741 962 947 1037 concredidi,
968 962 1143 1021 mandalum
1169 978 1233 1021 esse
1255 962 1371 1021 Crinito

223 1078 244 1119 o
264 1060 438 1138 Valeriano,
455 1066 491 1119 ul
507 1062 695 1119 Aurelianus
720 1062 929 1135 adoptaretur,
952 1060 1070 1119 lelclrco
1088 1062 1270 1135 praecipue,
1294 1062 1373 1133 quod

216 1176 341 1235 palmer
366 1165 449 1232 esset,
472 1160 528 1219 sed
549 1162 608 1219 lme
630 1162 662 1217 lo
685 1161 784 1219 medlo
807 1160 1042 1231 relinquendum
1057 1164 1143 1231 poto.
1171 1164 1198 1217 et
1225 1152 1273 1235 16,
1294 1154 1372 1235 lsq.

222 1258 289 1315 Hoc
318 1260 383 1315 loeo
411 1265 500 1317 toute
526 1265 570 1317 est
599 1258 762 1316 diuersitas
790 1258 1013 1327 historicorum,
1042 1262 1068 1315 el
1093 1258 1212 1331 quidem
1241 1256 1371 1315 Graeco-

222 1372 305 1430 rum,
342 1363 376 1415 ol
412 1358 468 1415 elil
505 1358 612 1415 dicem
642 1358 740 1415 inulto
776 1354 903 1415 Claudio
941 1356 980 1413 ub
1012 1354 1181 1415 Aureliano
1207 1356 1373 1415 Aureolum

223 1454 432 1529 interfectum,
455 1456 511 1513 olli
540 1454 704 1513 marecleme
733 1470 770 1513 oc
800 1456 932 1527 uolente,
958 1456 1013 1513 elil
1042 1454 1079 1513 eb
1105 1456 1373 1529 imperatoremm

223 1554 393 1613 Aru-ellone
412 1554 542 1613 eundem
561 1556 702 1628 occisum,
722 1554 776 1611 elil
796 1568 872 1613 uero
895 1552 998 1611 adduc
1016 1568 1037 1609 a
1049 1554 1186 1629 prinmo.
1219 1552 1274 1611 sed
1297 1552 1373 1613 loeo

223 1667 343 1725 quoque
361 1654 462 1711 medlo
482 1654 695 1725 relinquemus,
718 1652 757 1710 el
776 1654 851 1725 mels
868 1652 1012 1725 pelenda,
1030 1668 1092 1725 per
1112 1666 1185 1725 quos
1203 1654 1235 1709 lo
1254 1654 1373 1709 llllerus

222 1752 317 1809 misse
337 1743 450 1831 could)

313 1846 605 1925 Asclepiodotum
638 1848 669 1905 in
700 1846 758 1905 hoc
785 1864 909 1907 nurnero
940 1846 1043 1905 deesse
1072 1846 1166 1923 nolui,
1195 1864 1372 1925 quamquam

222 1948 272 2005 uix
298 1952 380 2005 recte
402 1944 482 2005 hunc
510 1946 608 2005 locum
635 1944 757 2005 obtinet.
795 1962 863 2005 nam
887 1948 913 2005 si
937 1944 1048 2006 codicis
1072 1946 1249 2023 scripturam
1273 1946 1373 2023 sequi·

222 2062 299 2122 mur,
324 2044 414 2103 altero
439 2044 503 2103 loco
521 2044 747 2123 Asclepiodotus
769 2062 833 2103 rem
859 2044 1082 2121 aDiocietiano,
1108 2044 1158 2121 qni
1183 2062 1247 2103 eam
1270 2062 1288 2103 a
1308 2042 1372 2103 Gal·

222 2140 329 2203 licanis
357 2142 513 2203 druidibus
541 2151 737 2221 compererat,
763 2144 821 2221 uel,
845 2146 959 2203 sicum
988 2140 1167 2203 Mommseno
1192 2142 1308 2215 (Herm.
1328 2140 1372 2201 25

221 2260 251 2317 p.
270 2240 350 2314 258)
377 2260 395 2301 e
419 2248 486 2301 ante
511 2244 575 2301 eins
597 2260 707 2301 nomen
730 2242 954 2319 interponimus
981 2242 1031 2319 qni
1054 2258 1118 2299 eam
1137 2260 1202 2299 cnm
1223 2240 1373 2317 Asclepio-

224 2338 292 2399 doto
312 2340 590 2417 communicauerat,
612 2338 647 2399 ad
662 2338 813 2399 Celsinum
832 2346 983 2399 auctorem
999 2338 1117 2419 Vopisci
1136 2338 1253 2419 detulit3
1272 2340 1373 2417 itaque

223 2456 293 2498 cum
307 2440 406 2517 priore
422 2445 452 2498 et
462 2431 656 2522 Verconinpo
670 2436 860 2498 Herenniano
876 2446 903 2498 et
916 2438 1037 2516 Vopisco
1054 2440 1137 2498 testis
1153 2456 1218 2498 esse
1235 2438 1373 2516 potnerit,

223 2537 274 2596 illa
298 2537 492 2596 similitudine
516 2555 551 2598 eo
578 2535 727 2615 ducimur,
756 2543 789 2596 ut
814 2535 1049 2614 Asclepiodotum
1078 2537 1259 2614 praefectum
1288 2555 1373 2616 prae·

223 2637 299 2696 torio
318 2633 494 2696 Diocletiani
510 2639 647 2712 (Prosop.
663 2639 686 2696 I
693 2653 725 2712 p.
741 2635 808 2696 leo
826 2653 853 2696 n.
871 2635 948 2708 158)
964 2627 1158 2718 νθΓοοη(η)ἰο
1175 2635 1373 2714 Herenniano,

223 2735 295 2794 item
321 2735 386 2794 eius
403 2735 554 2810 praefecto
573 2735 739 2810 (Borplaeee'
762 2735 869 2794 Oeuor.
885 2735 919 2792 X
929 2753 960 2810 p.
977 2735 1066 2814 147),
1085 2753 1158 2812 quos
1180 2733 1268 2794 duces
1288 2751 1373 2814 prae-

224 2831 405 2892 clarissimos
425 2851 461 2892 ex
474 2831 566 2892 Probi
583 2831 739 2911 disciplina
759 2833 890 2894 euasisse
909 2831 1001 2892 tradit
1015 2833 1061 2906 (lu
1076 2837 1142 2894 ulie
1157 2835 1252 2894 Prolu'
1266 2833 1317 2908 22,
1327 2833 1373 2912 3),

223 2931 305 2990 hunc
330 2929 389 2990 sihi
409 2949 548 2990 sermone
573 2940 707 2990 auctores
729 2931 823 2990 fnisse
847 2929 947 2990 dicere
970 2931 1102 2990 noluisse
1121 2931 1278 3008 Vopiscum
1305 2949 1373 2990 cen·

225 3047 343 3090 scamus
363 3031 437 3102 (dle
456 3031 523 3090 Ser.
540 3031 571 3090 u.
589 3031 626 3090 Α.
639 3049 672 3106 p.
693 3029 794 3104 deq).

314 3127 355 3187 De
379 3127 524 3188 Aurelio
546 3127 693 3188 Festino
715 3127 775 3188 uid.
794 3129 830 3188 fr.
849 3147 878 3206 p.
900 3123 970 3188 rol.

314 3227 355 3285 lie
381 3227 551 3286 Suetonio
575 3227 767 3305 Optatiano
790 3227 845 3286 hoc
874 3231 917 3284 est
940 3227 1143 3288 testimonium
1167 3227 1298 3306 Vopisci,
1323 3231 1373 3308 qui

318 3384 343 3450 1)
361 3380 415 3434 Hic
435 3397 583 3450 perperam
601 3399 665 3434 cum
684 3397 716 3434 eo
735 3380 914 3446 Nicomacho
936 3379 983 3448 qui
1003 3379 1146 3448 Apollonii
1165 3381 1256 3434 uitam
1274 3399 1289 3436 e
1308 3383 1373 3436 Phi-

224 3461 343 3516 lostrato
357 3461 506 3530 exscripsit
515 3461 620 3530 (Sidon.
632 3461 745 3530 epVIH
759 3467 782 3530 3,
792 3465 830 3530 4),
845 3461 869 3514 si
884 3461 929 3514 hic
946 3461 1040 3516 consui
1057 3479 1079 3516 u.
1091 3467 1143 3516 394
1157 3461 1220 3528 fnit,
1237 3463 1373 3532 aVossiO,

225 3540 360 3596 Muellero
384 3541 426 3594 Fr.
442 3543 475 3596 H.
492 3543 536 3596 Gr.
552 3543 591 3596 III
609 3549 660 3596 661
686 3541 817 3596 confusus
841 3545 884 3596 est
904 3541 988 3612 (Jahn
1008 3541 1138 3596 Berichte
1157 3543 1183 3596 d.
1200 3543 1305 3602 saeehs.
1321 3543 1374 3598 Ge-

225 3623 335 3676 sellseh.
355 3629 422 3676 1851
445 3623 507 3696 [HJ]
526 3641 551 3692 p.
569 3626 639 3692 348),
662 3623 766 3677 rectius
786 3623 906 3676 fortasse
932 3641 993 3674 cnm
1017 3621 1178 3676 Nicostrato
1201 3623 1277 3692 apud
1300 3625 1373 3678 Eue-

225 3704 318 3772 grium
331 3702 356 3754 V
371 3709 405 3756 m
425 3703 620 3769 Νικοστράτου
640 3722 668 3758 ee
687 3713 736 3758 eoo
757 3713 957 3770 numinculatori
978 3701 1009 3758 ἐκ
1026 3705 1235 3770 Τραπεζοῦντος
1255 3701 1373 3774 συγγρά-

224 3795 334 3851 aunreos
349 3783 386 3836 τὰ
404 3783 461 3838 ἀπὸ
481 3782 620 3837 Φιλίππου
640 3793 689 3836 τοῦ
708 3783 775 3853 μετὰ
789 3783 949 3850 Γορδιοινὸν
970 3779 1113 3838 ἐκτίθεται
1133 3783 1183 3846 ἕως
1198 3783 1373 3840 'Odurooidlou

224 3873 275 3918 τοῦ
294 3863 326 3918 ἐκ
344 3865 495 3932 Παλμύρας
519 3865 565 3917 καὶ
588 3873 638 3932 τῆς
661 3865 854 3932 Οὐαλεριανοῦ
879 3863 949 3932 πρὸς
970 3861 1082 3932 Πέρσας
1104 3865 1218 3936 αἰσχρᾶς
1243 3863 1373 3934 ἀφίξεως.

225 3961 292 3998 uum
312 3961 419 3998 summa
439 3961 502 3998 cum
521 3945 639 3998 leuitate
657 3961 674 3998 a
694 3945 815 4014 Vopiseo
835 3945 950 3998 nomine
967 3945 1067 3998 adlata
1085 3961 1145 3998 esse
1164 3947 1280 4000 constat.

316 4026 342 4093 2)
362 4030 417 4088 1‚4
437 4027 484 4078 cui
506 4043 566 4078 euru
588 4043 636 4094 epo
657 4025 852 4094 respondissem
877 4027 1009 4082 meneloem
1032 4025 1079 4096 [de
1098 4025 1158 4080 uita
1178 4025 1335 4100 Aureliani]
1355 4045 1374 4082 o

227 4123 267 4160 rue
289 4105 469 4172 Latinorum,
498 4105 664 4160 Graecorum
687 4107 794 4176 clipeos
819 4109 950 4160 lectltulos
971 4113 996 4160 et
1015 4123 1036 4176 p.
1053 4125 1073 4162 s.
1102 4115 1116 4172 ξ
1137 4111 1150 4158 9
1177 4109 1268 4178 occepi
1291 4109 1374 4164 libros

228 4185 353 4250 Graecos,
374 4191 390 4250 θ
410 4189 443 4238 10
467 4193 497 4238 tu
516 4188 598 4240 uelim
621 4203 676 4240 roeo
701 4189 808 4242 moueri
831 4189 896 4242 lorti
916 4189 1042 4242 eonsules
1066 4193 1096 4252 el,
1120 4189 1145 4242 sl
1166 4187 1215 4244 lme
1233 4195 1374 4244 colliculus

226 4283 283 4321 nou
299 4265 396 4332 fueris,
414 4267 514 4322 lectites
533 4269 658 4322 (drueeos.

318 4349 344 4414 3)
361 4363 386 4400 c.
401 4351 475 4412 24,ss
503 4345 624 4401 Graecos
651 4347 737 4402 libros
763 4349 796 4402 de
826 4347 887 4404 nitu
909 4347 1052 4418 Apollonii
1081 4347 1224 4418 Thyonaei
1254 4349 1373 4418 scriptos

226 4426 362 4497 Vopiscus
381 4425 512 4497 intellegi
529 4427 599 4482 uult.
