3234 4950
580 303 759 356 Tanusius
778 303 941 358 GEMINVS

511 523 747 627 thursivs
777 523 992 594 curtium

268 703 361 762 Huius
382 711 464 762 certa
481 705 625 762 memoria
646 705 819 780 fragmentis
839 705 1017 780 continetur,
1037 701 1146 780 quihus
1171 723 1238 762 eum
1265 715 1331 782 post

178 819 286 866 annum
311 797 438 871 ἔιῖιι699
464 801 519 876 (fr.
538 801 575 872 3)
598 809 627 860 et
652 811 720 861 ante
739 801 895 860 Strabonis
917 801 1127 878 geographiam
1150 819 1200 860 res
1221 801 1329 862 Rorna-

178 921 229 964 nas
252 901 410 960 minimum
433 919 451 958 a
474 899 606 960 Sertorio
632 918 725 978 usque
750 899 785 960 ad
810 919 894 960 snam
915 905 1040 960 aetatem
1061 901 1217 978 scripsisse
1237 899 1328 960 tradi·

178 1012 239 1062 tum
264 1005 317 1074 est,
341 999 429 1076 idque
455 1006 553 1056 mente
579 1019 594 1058 a
617 999 743 1058 Caesare
771 999 933 1058 abalienata
959 997 1012 1074 (ιν.
1031 999 1061 1056 2.
1082 999 1126 1070 3).
1136 993 1157 1080 1)
1193 999 1329 1078 ponenda

176 1101 268 1178 igitur
294 1096 366 1156 haec
395 1097 520 1156 historia
547 1105 594 1156 est
621 1101 653 1156 in
676 1115 780 1156 eorum
802 1095 949 1156 librorum
971 1113 1103 1176 numero,
1130 1099 1181 1174 qui
1207 1095 1241 1156 de
1268 1097 1327 1156 dio·

175 1199 279 1258 tatoris
301 1197 476 1254 auctoritate
500 1197 565 1254 siue
589 1197 653 1254 uiui
676 1189 725 1277 (ut
748 1197 813 1254 uult
838 1193 993 1254 Cichorius
1014 1193 1089 1272 apud
1115 1195 1290 1254 Sohannium
1316 1197 1326 1254 l

175 1317 202 1375 p.
219 1289 290 1371 199,
310 1293 469 1353 Suetonius
489 1294 580 1372 enim,
598 1295 648 1352 eui
667 1293 810 1353 dehemus
833 1293 865 1350 ιι.
883 1291 910 1372 2,
935 1293 1070 1352 eiusdem
1096 1295 1202 1352 aetatis
1225 1301 1326 1352 aucto·

174 1413 222 1454 res
235 1395 267 1452 in
280 1395 492 1472 imperatorum
507 1393 579 1452 uitis
593 1395 684 1453 citare
701 1391 783 1470 solet,
792 1411 822 1452 ιι.
831 1393 942 1466 Haupt.
953 1409 996 1466 op.
1007 1385 1127 1476 ipsit)
1139 1393 1203 1450 siue
1216 1395 1326 1452 mortui

174 1489 366 1552 detrahebant
391 1489 528 1568 idemque
553 1491 632 1568 quod
658 1489 829 1548 libellorum
851 1489 1031 1548 famosorum
1056 1489 1213 1548 multitudo
1240 1507 1323 1568 spec·

172 1589 280 1650 tabant.
319 1591 366 1648 cni
391 1589 512 1666 quidem
533 1591 643 1648 rationi
664 1592 759 1648 uitam
781 1587 930 1666 quandam
955 1587 1075 1648 uidetur
1097 1587 1215 1648 debere.
1256 1605 1323 1648 nam

172 1687 226 1748 suh
255 1685 484 1764 imperatoribus
514 1685 644 1746 libenter
673 1687 752 1746 ultra
783 1685 903 1746 Liuium
937 1689 1096 1764 scriptores
1133 1685 1323 1766 eruebantur,

172 1785 279 1864 quihus
311 1785 412 1844 odium
445 1794 515 1844 cont
516 1803 546 1842 ra
581 1803 641 1862 eos,
669 1803 686 1843 a
717 1785 865 1862 quibus'
858 1785 915 1864 ipsi
950 1785 1123 1860 malirtne
1111 1791 1188 1842 ttrae
1190 1785 1231 1842 ari
1266 1783 1323 1842 sihi

170 1883 308 1944 uiderer}
296 1891 353 1961 ur
378 1883 512 1960 expleret
513 1901 555 1942 ur
598 1887 699 1960 itaque
722 1885 786 1942 eius
812 1885 888 1944 notit
864 1879 974 1944 rtiaad
1002 1881 1256 1958 διιιιιοιιιιιιιιι
1276 1883 1295 1940 I
1292 1887 1321 1962 ι,

170 1981 320 2041 Plutarchi
350 1982 536 2060 Appiauique
575 2001 764 2040 communem
799 1989 868 2040 auct
870 1999 951 2040 orem
986 1981 1112 2058 (sed),
1085 1979 1218 2052 JSuet
1208 1983 1322 2040 lonium

170 2081 224 2157 (fr.
237 2081 282 2156 2),
307 2082 358 2158 qui
378 2079 504 2158 singulis
523 2079 595 2142 locis
615 2098 684 2140 eum
705 2081 882 2156 citauerunt,
903 2087 990 2156 atque
1013 2079 1098 2138 etiam
1121 2077 1155 2138 ad
1178 2077 1322 2138 Senecam

168 2177 375 2256 philosophum
394 2181 539 2257 peruenit,
565 2198 633 2238 cum
655 2177 693 2238 ad
711 2177 858 2238 Lucilium
884 2177 987 2238 scribit
1008 2177 1056 2250 (X
1063 2177 1088 2236 V
1108 2179 1127 2236 1
1147 2173 1230 2256 [93],
1249 2177 1321 2250 rt).-

169 2286 199 2336 et
214 2295 390 2352 paucorum
410 2295 554 2339 uersatum
578 2281 655 2338 liber
677 2286 721 2336 est
746 2275 962 2352 [Metronactis]
988 2277 1160 2350 etquidem
1190 2277 1319 2336 landerr-

169 2377 225 2434 dos
253 2383 344 2448 atqrte
370 2379 462 2436 utilis,
500 2379 627 2436 annales
654 2375 780 2435 Tanusii
806 2379 867 2434 sets
896 2391 985 2448 quom
1007 2375 1178 2450 ponderosi
1203 2379 1265 2434 stret
1289 2383 1320 2436 et

168 2476 241 2547 pote
264 2482 419 2533 caecetur.
457 2476 516 2534 boc
538 2483 583 2535 est
604 2480 671 2534 utto
696 2476 888 2549 quorundum
915 2476 1009 2545 lotape
1032 2480 1062 2533 et
1085 2476 1167 2547 quod
1194 2474 1319 2535 Ταιιιιιιι

165 2578 302 2645 sequitur
327 2576 461 2632 accolas.
497 2572 577 2632 unde
599 2590 652 2631 eos
674 2584 796 2651 propter
822 2570 1030 2629 abundantiam
1055 2570 1215 2631 uerborum
1241 2572 1317 2631 male

166 2668 282 2729 audisse
303 2674 520 2749 cognoscimus.
553 2672 675 2749 opponit
696 2672 775 2729 enim
793 2668 984 2729 Metronactis
1005 2668 1173 2747 philosophi
1193 2668 1317 2731 breuem

166 2768 347 2845 eandemque
371 2770 553 2829 fructuosam
577 2770 668 2829 uitam
694 2768 820 2827 aliorum
842 2767 947 2845 longae
967 2776 998 2827 et
1016 2768 1214 2845 reprehensae
1236 2786 1314 2827 conr-

164 2876 305 2945 paratque
343 2868 418 2925 hanc
457 2886 525 2927 cum
560 2866 646 2927 libris
682 2866 786 2943 amplis
826 2868 1045 2945 multorumque
1079 2868 1315 2943 uituperationes

165 2968 302 3041 expertis

251 3065 340 3140 Atqui
368 3064 499 3123 Catullus
527 3082 551 3121 c.
572 3060 614 3123 3ss
649 3064 749 3123 Volusi
780 3064 935 3123 cuiusdam
968 3062 1087 3123 arrnales
1123 3064 1314 3123 acerbissime

163 3160 276 3221 irridet
313 3162 419 3223 Lesbia
445 3164 531 3241 enirn,
557 3166 582 3223 si
604 3172 693 3242 poeta
715 3180 819 3221 secum
842 3160 1052 3221 reconciliatus
1077 3168 1162 3237 esset,
1185 3156 1313 3221 ‘electis-

163 3260 236 3319 sima
264 3263 388 3337 pessimi
412 3270 519 3338 poetae
547 3256 674 3340 scripta'
697 3262 761 3337 igni
788 3280 822 3321 se
846 3260 980 3321 daturam
1007 3278 1071 3319 esse
1093 3268 1228 3337 uouerat,
1255 3280 1311 3337 quo

163 3356 281 3433 quidem
313 3368 384 3419 uoto
415 3360 512 3437 ipsius
541 3358 649 3420 Catulli
680 3376 735 3439 per
767 3362 867 3419 iocum
899 3358 1128 3437 significauerat.
1181 3358 1311 3419 Catullus

161 3463 259 3517 autem
274 3490 316 3499 —
332 3477 365 3517 eo
391 3460 470 3517 enim
494 3460 617 3517 facetiae
640 3458 714 3517 mihi
733 3458 833 3517 rethre
851 3456 994 3517 uidentur
1010 3490 1050 3499 -
1067 3458 1107 3517 ιιι
1127 3474 1191 3515 rem
1209 3460 1310 3537 uertit,

160 3560 194 3611 ut
215 3572 270 3631 pro
292 3558 354 3615 suis
379 3556 501 3615 annales
519 3556 629 3633 Volusi,
649 3552 791 3615 ‘cacatam
818 3556 957 3631 chartam,
980 3554 1083 3633 plenos
1109 3556 1189 3613 ruris
1211 3562 1242 3613 et
1265 3556 1310 3613 in·

160 3648 482 3715 ticetiarum'Vulcano
502 3655 605 3733 tradat,
622 3672 710 3733 quem
727 3660 847 3733 poetam
869 3660 1094 3715 conterraneum
1117 3654 1204 3713 etiam
1225 3672 1251 3713 c.
1265 3648 1308 3715 95

160 3748 336 3829 insequitur,
358 3752 410 3811 ubi
434 3772 493 3813 non
516 3751 594 3813 ultra
616 3752 748 3811 Paduam
767 3744 801 3834 (i.
819 3770 842 3811 e.
858 3754 968 3811 ostium
987 3744 1074 3835 Padi)
1099 3754 1162 3811 eins
1189 3750 1308 3811 annales

158 3858 351 3927 propagatum
380 3852 417 3909 iri
448 3854 666 3929 amicturosque
700 3850 850 3911 scombros
882 3850 1064 3909 uaticinatur
1084 3850 1308 3909 Antimachum·

160 3960 215 4019 que
242 3948 391 4009 tumidum
417 3958 540 4027 propter
564 3948 775 4009 uerbositatem
801 3966 869 4009 eum
894 3946 1028 4027 appellat.
1071 3946 1141 4007 hinc
1163 3946 1307 4029 Muretus

157 4038 300 4123 Hauptius
331 4048 365 4121 (l.
386 4049 433 4124 a),
461 4047 494 4105 R.
519 4046 617 4125 Vnger
640 4042 720 4118 (Ἵιι
748 4048 820 4107 Tac.
843 4048 876 4107 G.
896 4052 1054 4107 acholium
1080 4044 1246 4121 scriptore'
1273 4052 1306 4109 ιιι

247 4240 273 4297 1)
289 4236 333 4289 Fr.
348 4244 375 4303 4,
394 4234 418 4287 si
439 4239 480 4291 esi
500 4235 616 4289 Tanusii
637 4238 702 4305 (nou
720 4234 813 4306 cingit
832 4238 879 4291 uel
898 4234 1006 4307 Cincii),
1025 4234 1139 4289 uidetur
1161 4236 1191 4289 in
1214 4238 1305 4291 brans-

173 4328 239 4367 ursu
258 4316 449 4369 nundinarum
465 4318 637 4370 mentionem
653 4316 791 4371 iniecisse.

208 4422 269 4463 Hist.
281 4426 346 4465 Rom.
360 4426 443 4477 reLH,
457 4428 491 4465 ed.
505 4426 594 4466 Peter.
1065 4406 1087 4457 V
