3234 4950
618 367 664 420 DE
686 367 771 420 VITA
789 367 1063 420 IMPERATORVM
1352 367 1412 430 125

267 537 357 594 hostis
391 537 516 614 patriae,
547 535 708 614 parricida,
743 535 887 614 gladiator
918 537 949 594 in
978 534 1119 612 spoliario
1145 535 1280 594 lanietur.
1319 536 1413 594 hostis

268 633 390 694 deorum
413 635 544 694 carnifex
570 643 698 714 senatus,
720 633 817 694 hostis
840 633 962 694 deorum
986 631 1134 712 parricida
1158 641 1295 692 senatus:
1319 633 1413 692 hostis

267 733 389 792 deorum
412 731 506 792 hostis
530 739 656 792 senatus.
697 733 839 812 gladiator
863 735 894 792 iu
918 729 1072 810 spoliario,
1098 733 1150 810 qui
1178 740 1312 792 senatum
1335 733 1412 792 occi-

266 831 317 912 dit,
335 833 367 888 in
389 831 525 908 spoliario
549 839 684 908 ponatur.
719 835 770 910 qui
789 839 924 892 senatum
945 829 1062 908 occidit,
1083 849 1161 888 unco
1186 831 1327 889 trahatur.
1363 831 1412 908 qui

238 933 439 990 sinnocentes
462 927 578 1008 occidit,
600 949 678 990 unco
703 931 848 990 trahatur:
873 931 965 990 hostis
984 927 1141 1008 parricida,
1159 947 1233 988 uere
1252 947 1332 990 uere.
1362 931 1413 1008 qni

266 1029 402 1106 sanguini
430 1047 481 1086 suo
512 1047 570 1086 non
593 1031 735 1108 pepercit,
761 1047 837 1089 unco
863 1029 1006 1088 trahatur.
1043 1029 1094 1106 qui
1118 1036 1147 1086 te
1171 1029 1325 1086 occisurus
1350 1029 1413 1104 l'uit,

266 1145 341 1188 unco
370 1125 512 1186 trahatur.
549 1125 705 1186 nobiscum
733 1129 874 1206 timuisti,
901 1126 1058 1188 nobiscum
1087 1125 1273 1204 periclitatus
1304 1145 1342 1186 es.
1381 1135 1414 1184 ut

266 1225 339 1284 salui
372 1227 477 1304 simus,
513 1225 645 1304 luppiter
677 1227 784 1304 optime
815 1227 955 1304 maxime,
989 1243 1075 1284 serua
1104 1225 1192 1284 nobis
1217 1223 1413 1284 Pertinacem.

265 1321 334 1384 fidei
351 1325 607 1402 praetorianorum
629 1323 762 1384 feliciter.
785 1325 946 1402 praetoriis
964 1323 1136 1384 cohortibus
1154 1323 1291 1384 feliciter.
1328 1341 1413 1382 exer·

224 1443 249 1482 ιο
266 1421 372 1482 ritibus
400 1419 538 1482 Romanis
565 1421 699 1482 feliciter.
733 1425 838 1500 pietati
862 1431 981 1482 senatus
1006 1423 1140 1482 feliciter.
1178 1423 1327 1502 parricida
1354 1431 1413 1482 tra·

264 1521 357 1580 hatur.
397 1539 542 1598 rogamur,
568 1519 706 1598 Auguste,
729 1519 880 1596 parricida
900 1521 1045 1580 trahatur.
1067 1521 1125 1580 hoc
1147 1539 1295 1600 rogamus,
1319 1523 1413 1598 parri·

266 1617 330 1678 cida
348 1619 489 1678 trahatur.
524 1617 630 1678 eraudi
649 1617 765 1698 Caesar,
784 1617 933 1678 delatores
952 1617 988 1678 ad
1007 1619 1133 1680 leonem.
1171 1618 1275 1680 exaudi
1297 1619 1413 1698 Caesar,

266 1715 420 1794 Speratum
455 1715 489 1776 ad
523 1715 645 1776 leonem.
694 1719 837 1776 uictoriae
870 1717 971 1796 populi
1005 1717 1130 1776 Romani
1160 1719 1297 1778 feliciter.
1344 1719 1413 1778 fidei

264 1815 392 1900 militum
414 1815 549 1876 feliciter.
587 1813 656 1876 fidei
680 1817 937 1896 praetorianorum
959 1815 1094 1875 feliciter.
1135 1815 1306 1876 cohortibus
1328 1835 1413 1894 prae·

224 1935 248 1974 ιι
264 1915 348 1974 toriis
373 1914 508 1974 feliciter.
545 1913 639 1974 hostis
663 1923 775 1974 statuas
794 1911 938 1992 undique,
956 1913 1123 1992 parricidae
1142 1921 1255 1974 statuas
1271 1913 1413 1993 undique,

264 2011 433 2088 gladiatoris
462 2019 573 2072 statuas
599 2013 740 2090 undique.
778 2011 949 2088 gladiatoris
977 2020 1006 2072 et
1034 2012 1201 2088 parricidae
1225 2019 1338 2072 statuae
1364 2013 1412 2072 de·

263 2109 425 2170 trahantur.
468 2119 588 2172 necator
623 2113 732 2172 ciuium
765 2111 911 2188 trahatur,
944 2110 1093 2190 parricida
1127 2113 1238 2170 ciuium
1268 2111 1412 2172 trahatur.

264 2207 432 2286 gladiatoris
461 2215 574 2268 statuae
603 2207 804 2268 detrahantur.
840 2216 872 2268 te
899 2209 981 2268 saluo
1010 2207 1085 2268 salui
1115 2217 1144 2268 et
1172 2211 1271 2268 securi
1300 2228 1411 2287 sumus

263 2325 346 2384 uere,
376 2325 460 2386 uere,
489 2305 576 2366 modo
602 2325 690 2386 uere,
716 2307 804 2366 modo
836 2305 939 2386 digne,
965 2307 1054 2366 modo
1080 2325 1166 2385 uere,
1195 2307 1281 2366 modo
1310 2307 1411 2367 libere.

223 2423 342 2466 renunc
370 2407 468 2466 securi
498 2423 612 2466 sumus:
647 2403 828 2466 delatoribus
854 2412 975 2464 metum.
1013 2412 1045 2464 ut
1074 2407 1174 2466 securi
1202 2407 1310 2485 simuS,
1334 2403 1412 2466 dela·

263 2504 377 2563 loribus
405 2512 525 2565 metum.
565 2512 596 2565 ut
626 2506 700 2565 salui
728 2508 831 2583 simus,
860 2504 1007 2565 delatores
1030 2503 1067 2564 de
1092 2513 1207 2582 senatu,
1232 2504 1412 2565 delatoribus

264 2604 380 2663 fustem.
416 2610 447 2663 te
476 2602 557 2663 saluo
587 2602 732 2663 delatores
765 2602 801 2663 ad
824 2602 950 2663 leonem.
987 2611 1017 2665 te
1041 2604 1207 2681 imperante
1231 2602 1412 2663 delatoribus

264 2702 380 2761 fustem.
416 2700 582 2779 parricidae
612 2702 782 2779 gladiatoris
813 2704 955 2761 memoria
978 2700 1138 2779 aboleatur,
1161 2700 1328 2779 parricidae
1352 2702 1411 2779 gla-

265 2800 386 2860 diatoris
408 2806 522 2861 statuae
548 2800 747 2861 detrahantur.
779 2802 883 2879 inpuri
899 2800 1071 2879 gladiatoris
1088 2802 1233 2861 memoria
1251 2798 1411 2859 aboleatur.

263 3026 310 3115 apri
334 3032 383 3093 τῆς
404 3028 489 3117 βονλ
475 3046 508 3095 ης
530 3026 579 3079 καὶ
600 3046 650 3079 τοο
676 3026 766 3095 δημοο
791 3024 1016 3114 σνμβοηοολντων
1049 3022 1202 3113 ἠθέλησαν
1216 3025 1269 3093 μὲν
1289 3026 1345 3114 γὰρ
1363 3028 1411 3081 καλ

263 3098 291 3151 τὸ
318 3106 394 3165 σῶμα
418 3098 506 3151 αὐτου
530 3106 611 3165 οῦροιτ
636 3098 684 3151 καλ
707 3096 899 3151 διασπάσαι
885 3096 975 3165 ὥσπερ
1000 3118 1048 3151 και
1070 3094 1121 3159 τὰς
1143 3094 1264 3163 εἰκόνας,
1283 3094 1411 3159 εἰπόντος

264 3166 292 3223 δὲ
318 3178 366 3223 τοῦ
389 3166 559 3235 Περτλνακος
581 3176 613 3239 τῇ
641 3190 674 3239 pp
700 3168 754 3241 ἤδη
777 3168 828 3223 τὸν
846 3168 949 3235 νεκρὸν
965 3169 1131 3237 κεκρύφθαι
1147 3178 1198 3223 τοῦ
1216 3166 1268 3236 μὲν
1287 3172 1411 3238 σώματος

263 3238 423 3331 ἀπέσχοντο,
440 3236 535 3293 τῶνδ’
555 3240 644 3295 ἄλλων
659 3240 855 3331 ἐνεφοροῦντο,
876 3238 994 3295 codic
978 3255 993 3330 'p
1011 3261 1038 3295 τι
1058 3262 1108 3295 ονκ
1129 3238 1312 3311 ἐπιλέγοντες
1334 3240 1411 3309 Κόμ-

263 3314 349 3381 pudor
370 3310 419 3379 pir
440 3310 490 3381 γὰρ
512 3312 602 3373 οὐδεὶς
623 3310 684 3367 ood'
707 3313 898 3381 αοτοκράτοροι
922 3312 1010 3367 αντὸν
1032 3311 1189 3380 ὠνόμαζεν,
1213 3312 1359 3401 ἀλιτήριον
1381 3310 1411 3367 δέ

262 3404 324 3437 τινα
344 3384 392 3437 καὶ
410 3384 549 3451 τύραννον
570 3386 713 3439 detonabat
698 3404 775 3447 οντες
794 3382 1030 3453 προσετίθεσαν’
1017 3386 1239 3447 επιοκώκτοντες
1259 3384 1310 3439 τὸν
1328 3405 1409 3453 μονο-

263 3454 360 3545 pclgor,
380 3454 428 3509 τὸν
449 3454 651 3525 ἁρματηλάτην,
671 3456 720 3511 τὸν
735 3454 889 3525 ἀριστερόν,
902 3456 953 3510 τὸν
966 3454 1095 3525 κηλήτην.
1126 3465 1185 3517 τοῖς
1196 3474 1225 3509 τε
1241 3458 1408 3527 βουλευταῖς,

263 3524 336 3589 ὅσοις
359 3528 406 3605 κοιλ
398 3526 546 3595 rathma
573 3526 600 3581 ἐκ
626 3536 673 3581 τον
701 3526 852 3617 Koppddov
878 3526 998 3599 φόβος
984 3547 1129 3597 εκηρτητο,
1148 3527 1162 3581 ὁ
1184 3526 1262 3616 ὄχλος
1281 3526 1408 3597 ἐπέλεγεν

266 3596 339 3667 ‘abyr
359 3598 429 3667 εὖγε,
451 3598 566 3667 ἐσώθης,
586 3598 736 3667 ἐνίκησας.
759 3600 811 3653 ὅσα
828 3618 857 3653 τε
878 3600 1015 3655 εἰώθεσαν
1034 3600 1066 3655 ἐν
1082 3610 1141 3661 τοις
1157 3599 1292 3666 θεάτροις
1312 3600 1357 3655 ἐπὶ
1376 3610 1408 3670 τῇ

262 3678 309 3725 τοῦ
330 3670 480 3739 Κομμότλον
504 3668 644 3759 θεραπείᾳ
668 3670 817 3739 εὐρύθμως
838 3691 897 3733 πως
915 3670 1026 3758 ἐκβοᾶν,
1050 3692 1137 3725 ταντα
1154 3670 1216 3723 τότε
1236 3690 1408 3742 μετασχημα-

262 3740 381 3805 τίζοντες
404 3742 431 3803 ἐς
455 3742 484 3793 τὸ
494 3740 686 3829 γελοιότατον
709 3742 873 3813 ἐξῃτῖονπ-
837 3744 924 3797 -οὐ
949 3742 1002 3812 γὰρ
1025 3742 1134 3811 ἐξήρκει
1157 3741 1236 3809 σφίσι
1259 3744 1288 3797 τὸ
1314 3742 1408 3811 μηκέτι

263 3814 456 3883 apodeictice,
443 3814 490 3865 οιλλ
524 3814 553 3867 ἐν
573 3832 609 3883 τῳ
625 3814 1138 3885 θοροοοντικαλἐξοβρίζεινῆθελον
1163 3816 1223 3869 th.
1241 3816 1296 3868 Dte
1311 3815 1408 3885 wioipt.

351 4110 380 4165 3.
407 4108 556 4183 gladiator
579 4111 683 4185 scripsi
710 4108 907 4183 gladiatorem
931 4112 958 4167 P
1114 4114 1141 4169 5.
1166 4130 1236 4167 uere
1259 4129 1362 4169 seuere
1383 4112 1412 4169 P

263 4198 412 4257 elitandum
516 4198 563 4257 13.
588 4198 775 4273 desperatum
797 4198 889 4257 Satan.
912 4202 1085 4273 spurcatum
1108 4200 1309 4273 Franbforter
1324 4198 1406 4259 δέκα,

269 4288 388 4345 Vindob.
404 4288 497 4345 err
506 4306 537 4361 p.
554 4290 618 4345 24²7
711 4288 761 4345 20.
785 4306 886 4347 sumus
903 4288 934 4345 P
1020 4293 1072 4347 21.
1094 4294 1130 4349 ut
1147 4293 1272 4349 inseruit
1288 4288 1381 4349 Sotrn.

264 4378 313 4435 λλ.
337 4378 531 4453 imperantem
551 4378 579 4435 P
671 4378 720 4435 23.
746 4378 906 4453 gladiatori
925 4378 953 4435 P
1041 4381 1090 4435 24.
1117 4374 1268 4437 aboliatur
1286 4380 1316 4435 P
